timestamp,asset_id,price,size,side,best_bid,best_ask
1771591942593,NO,0.22,444,BUY,0.23,0.24
1771591942593,YES,0.78,444,SELL,0.76,0.77
1771591942602,NO,0.23,1042.67,BUY,0.23,0.24
1771591942602,YES,0.77,1042.67,SELL,0.76,0.77
1771591942602,YES,0.77,1042.67,SELL,0.76,0.77
1771591942602,NO,0.23,1042.67,BUY,0.23,0.24
1771591942605,YES,0.75,13,BUY,0.76,0.77
1771591942605,NO,0.25,13,SELL,0.23,0.24
1771591942645,YES,0.74,389.72,BUY,0.76,0.77
1771591942645,NO,0.26,389.72,SELL,0.23,0.24
1771591942670,NO,0.21,439,BUY,0.23,0.24
1771591942670,YES,0.79,439,SELL,0.76,0.77
1771591942671,YES,0.72,1389,BUY,0.76,0.77
1771591942671,NO,0.28,1389,SELL,0.23,0.24
1771591942706,YES,0.74,394.72,BUY,0.76,0.77
1771591942706,NO,0.26,394.72,SELL,0.23,0.24
1771591942714,NO,0.21,449,BUY,0.23,0.24
1771591942714,YES,0.79,449,SELL,0.76,0.77
1771591942721,YES,0.71,495.88,BUY,0.76,0.77
1771591942721,NO,0.29,495.88,SELL,0.23,0.24
1771591942753,YES,0.72,1422.49,BUY,0.76,0.77
1771591942753,NO,0.28,1422.49,SELL,0.23,0.24
1771591942760,NO,0.23,1076.16,BUY,0.23,0.24
1771591942760,YES,0.77,1076.16,SELL,0.76,0.77
1771591942761,NO,0.21,454,BUY,0.23,0.24
1771591942761,YES,0.79,454,SELL,0.76,0.77
1771591942777,YES,0.72,462.49,BUY,0.76,0.77
1771591942777,NO,0.28,462.49,SELL,0.23,0.24
1771591942779,YES,0.72,282.49,BUY,0.76,0.77
1771591942779,NO,0.28,282.49,SELL,0.23,0.24
1771591942787,NO,0.3,825.15,SELL,0.23,0.24
1771591942787,YES,0.7,825.15,BUY,0.76,0.77
1771591942793,YES,0.8,489,SELL,0.76,0.77
1771591942793,NO,0.2,489,BUY,0.23,0.24
1771591942814,YES,0.71,508.88,BUY,0.76,0.77
1771591942814,NO,0.29,508.88,SELL,0.23,0.24
1771591942826,YES,0.77,1086.16,SELL,0.76,0.77
1771591942826,NO,0.23,1086.16,BUY,0.23,0.24
1771591942885,YES,0.74,389.72,BUY,0.76,0.77
1771591942885,NO,0.26,389.72,SELL,0.23,0.24
1771591942915,NO,0.12,489,BUY,0.23,0.24
1771591942915,YES,0.88,489,SELL,0.76,0.77
1771591942939,YES,0.76,3,BUY,0.76,0.77
1771591942939,NO,0.24,3,SELL,0.23,0.24
1771591942946,NO,0.21,377,BUY,0.23,0.24
1771591942946,YES,0.79,377,SELL,0.76,0.77
1771591942948,NO,0.22,214,BUY,0.23,0.24
1771591942948,YES,0.78,214,SELL,0.76,0.77
1771591942990,YES,0.76,1.53,BUY,0.76,0.77
1771591942990,NO,0.24,1.53,SELL,0.23,0.24
1771591943006,YES,0.76,6.53,BUY,0.76,0.77
1771591943006,NO,0.24,6.53,SELL,0.23,0.24
1771591943025,YES,0.01,9016.24,BUY,0.76,0.77
1771591943025,NO,0.99,9016.24,SELL,0.23,0.24
1771591943031,NO,0.27,93,SELL,0.23,0.24
1771591943031,YES,0.73,93,BUY,0.76,0.77
1771591943032,NO,0.3,815.15,SELL,0.23,0.24
1771591943032,YES,0.7,815.15,BUY,0.76,0.77
1771591943033,YES,0.77,1076.16,SELL,0.76,0.77
1771591943033,NO,0.23,1076.16,BUY,0.23,0.24
1771591943034,YES,0.71,495.85,BUY,0.76,0.77
1771591943034,NO,0.29,495.85,SELL,0.23,0.24
1771591943039,YES,0.7,805.15,BUY,0.76,0.77
1771591943039,NO,0.3,805.15,SELL,0.23,0.24
1771591943053,NO,0.2,499,BUY,0.23,0.24
1771591943053,YES,0.8,499,SELL,0.76,0.77
1771591943060,YES,0.72,295.8,BUY,0.76,0.77
1771591943060,NO,0.28,295.8,SELL,0.23,0.24
1771591943064,YES,0.8,509,SELL,0.76,0.77
1771591943064,NO,0.2,509,BUY,0.23,0.24
1771591943069,NO,0.3,795.15,SELL,0.23,0.24
1771591943069,YES,0.7,795.15,BUY,0.76,0.77
1771591943096,YES,0.76,11.53,BUY,0.76,0.77
1771591943096,NO,0.24,11.53,SELL,0.23,0.24
1771591943100,NO,0.19,482.82,BUY,0.23,0.24
1771591943100,YES,0.81,482.82,SELL,0.76,0.77
1771591943101,YES,0.76,26.53,BUY,0.76,0.77
1771591943101,NO,0.24,26.53,SELL,0.23,0.24
1771591943114,NO,0.23,1063.17,BUY,0.23,0.24
1771591943114,YES,0.77,1063.17,SELL,0.76,0.77
1771591943130,YES,0.72,282.49,BUY,0.76,0.77
1771591943130,NO,0.28,282.49,SELL,0.23,0.24
1771591943132,YES,0.76,40.53,BUY,0.76,0.77
1771591943132,NO,0.24,40.53,SELL,0.23,0.24
1771591943146,YES,0.76,45.53,BUY,0.76,0.77
1771591943146,NO,0.24,45.53,SELL,0.23,0.24
1771591943156,YES,0.71,508.88,BUY,0.76,0.77
1771591943156,NO,0.29,508.88,SELL,0.23,0.24
1771591943176,NO,0.23,1058.17,BUY,0.23,0.24
1771591943176,YES,0.77,1058.17,SELL,0.76,0.77
1771591943222,NO,0.22,94,BUY,0.23,0.24
1771591943222,YES,0.78,94,SELL,0.76,0.77
1771591943251,YES,0.76,40.53,BUY,0.76,0.77
1771591943251,NO,0.24,40.53,SELL,0.23,0.24
1771591943262,YES,0.01,9011.24,BUY,0.76,0.77
1771591943262,NO,0.99,9011.24,SELL,0.23,0.24
1771591943263,NO,0.27,103,SELL,0.23,0.24
1771591943263,YES,0.73,103,BUY,0.76,0.77
1771591943264,YES,0.8,519,SELL,0.76,0.77
1771591943264,NO,0.2,519,BUY,0.23,0.24
1771591943265,NO,0.27,113,SELL,0.23,0.24
1771591943265,YES,0.73,113,BUY,0.76,0.77
1771591943269,YES,0.73,123,BUY,0.76,0.77
1771591943269,NO,0.27,123,SELL,0.23,0.24
1771591943279,YES,0.74,379.72,BUY,0.76,0.77
1771591943279,NO,0.26,379.72,SELL,0.23,0.24
1771591943307,YES,0.75,23,BUY,0.76,0.77
1771591943307,NO,0.25,23,SELL,0.23,0.24
1771591943379,YES,0.53,492.98,BUY,0.76,0.77
1771591943379,NO,0.47,492.98,SELL,0.23,0.24
1771591943446,NO,0.1,1092.66,BUY,0.23,0.24
1771591943446,YES,0.9,1092.66,SELL,0.76,0.77
1771591943520,NO,0.23,1056.87,BUY,0.23,0.24
1771591943520,YES,0.77,1056.87,SELL,0.76,0.77
1771591943529,YES,0.64,451.75,BUY,0.76,0.77
1771591943529,NO,0.36,451.75,SELL,0.23,0.24
1771591943548,YES,0.74,384.72,BUY,0.76,0.77
1771591943548,NO,0.26,384.72,SELL,0.23,0.24
1771591943549,YES,0.74,504.72,BUY,0.76,0.77
1771591943549,NO,0.26,504.72,SELL,0.23,0.24
1771591943551,YES,0.73,243,BUY,0.76,0.77
1771591943551,NO,0.27,243,SELL,0.23,0.24
1771591943594,NO,0.22,99,BUY,0.23,0.24
1771591943594,YES,0.78,99,SELL,0.76,0.77
1771591943703,YES,0.76,39.43,BUY,0.76,0.77
1771591943703,NO,0.24,39.43,SELL,0.23,0.24
1771591943718,YES,0.74,447.84,BUY,0.74,0.77
1771591943718,NO,0.26,447.84,SELL,0.23,0.26
1771591943718,YES,0.76,0,BUY,0.74,0.77
1771591943718,NO,0.24,0,SELL,0.23,0.26
1771591943718,YES,0.75,0,BUY,0.74,0.77
1771591943718,NO,0.25,0,SELL,0.23,0.26
1771591943786,YES,0.74,441.84,BUY,0.74,0.77
1771591943786,NO,0.26,441.84,SELL,0.23,0.26
1771591943908,NO,0.21,372,BUY,0.23,0.26
1771591943908,YES,0.79,372,SELL,0.74,0.77
1771591943909,YES,0.74,436.84,BUY,0.74,0.77
1771591943909,NO,0.26,436.84,SELL,0.23,0.26
1771591943951,YES,0.72,287.49,BUY,0.74,0.77
1771591943951,NO,0.28,287.49,SELL,0.23,0.26
1771591944000,NO,0.21,377,BUY,0.23,0.26
1771591944000,YES,0.79,377,SELL,0.74,0.77
1771591944094,NO,0.23,1055.57,BUY,0.23,0.26
1771591944094,YES,0.77,1055.57,SELL,0.74,0.77
1771591944100,NO,0.23,1049.49,BUY,0.23,0.26
1771591944100,YES,0.77,1049.49,SELL,0.74,0.77
1771591944145,YES,0.15,165,BUY,0.74,0.77
1771591944145,NO,0.85,165,SELL,0.23,0.26
1771591944275,NO,0.01,8066.42,BUY,0.23,0.26
1771591944275,YES,0.99,8066.42,SELL,0.74,0.77
1771591944340,YES,0.73,255,BUY,0.74,0.77
1771591944340,NO,0.27,255,SELL,0.23,0.26
1771591944407,YES,0.53,482.98,BUY,0.74,0.77
1771591944407,NO,0.47,482.98,SELL,0.23,0.26
1771591944465,YES,0.43,460,BUY,0.74,0.77
1771591944465,NO,0.57,460,SELL,0.23,0.26
1771591944493,NO,0.21,367,BUY,0.23,0.26
1771591944493,YES,0.79,367,SELL,0.74,0.77
1771591944510,YES,0.74,431.82,BUY,0.74,0.77
1771591944510,NO,0.26,431.82,SELL,0.23,0.26
1771591944513,YES,0.43,466,BUY,0.74,0.77
1771591944513,NO,0.57,466,SELL,0.23,0.26
1771591944519,NO,0.01,8061.42,BUY,0.23,0.26
1771591944519,YES,0.99,8061.42,SELL,0.74,0.77
1771591944566,NO,0.23,1059.49,BUY,0.23,0.26
1771591944566,YES,0.77,1059.49,SELL,0.74,0.77
1771591944592,YES,0.65,439,BUY,0.74,0.77
1771591944592,NO,0.35,439,SELL,0.23,0.26
1771591944660,YES,0.71,495.85,BUY,0.74,0.77
1771591944660,NO,0.29,495.85,SELL,0.23,0.26
1771591944684,YES,0.16,140,BUY,0.74,0.77
1771591944684,NO,0.84,140,SELL,0.23,0.26
1771591944685,YES,0.72,300.8,BUY,0.74,0.77
1771591944685,NO,0.28,300.8,SELL,0.23,0.26
1771591944716,YES,0.74,406.82,BUY,0.74,0.77
1771591944716,NO,0.26,406.82,SELL,0.23,0.26
1771591944717,NO,0.17,480,BUY,0.23,0.26
1771591944717,YES,0.83,480,SELL,0.74,0.77
1771591944730,YES,0.7,788,BUY,0.74,0.77
1771591944730,NO,0.3,788,SELL,0.23,0.26
1771591944731,YES,0.69,441.25,BUY,0.74,0.77
1771591944731,NO,0.31,441.25,SELL,0.23,0.26
1771591944734,YES,0.71,488.8,BUY,0.74,0.77
1771591944734,NO,0.29,488.8,SELL,0.23,0.26
1771591944738,YES,0.69,434,BUY,0.74,0.77
1771591944738,NO,0.31,434,SELL,0.23,0.26
1771591944739,YES,0.67,504.87,BUY,0.74,0.77
1771591944739,NO,0.33,504.87,SELL,0.23,0.26
1771591944740,NO,0.2,494,BUY,0.23,0.26
1771591944740,YES,0.8,494,SELL,0.74,0.77
1771591944769,NO,0.23,1044.49,BUY,0.23,0.26
1771591944769,YES,0.77,1044.49,SELL,0.74,0.77
1771591944771,YES,0.74,413.58,BUY,0.74,0.77
1771591944771,NO,0.26,413.58,SELL,0.23,0.26
1771591944772,YES,0.75,6.67,BUY,0.75,0.77
1771591944772,NO,0.25,6.67,SELL,0.23,0.25
1771591944774,YES,0.72,307.75,BUY,0.75,0.77
1771591944774,NO,0.28,307.75,SELL,0.23,0.25
1771591944783,NO,0.23,1029.49,BUY,0.23,0.25
1771591944783,YES,0.77,1029.49,SELL,0.75,0.77
1771591944787,NO,0.23,1014.49,BUY,0.23,0.25
1771591944787,YES,0.77,1014.49,SELL,0.75,0.77
1771591944789,YES,0.76,6.58,BUY,0.76,0.77
1771591944789,NO,0.24,6.58,SELL,0.23,0.24
1771591944793,NO,0.23,998.49,BUY,0.23,0.24
1771591944793,YES,0.77,998.49,SELL,0.76,0.77
1771591944795,YES,0.72,274.26,BUY,0.76,0.77
1771591944795,NO,0.28,274.26,SELL,0.23,0.24
1771591944799,NO,0.16,560,BUY,0.23,0.24
1771591944799,YES,0.84,560,SELL,0.76,0.77
1771591944801,NO,0.18,500,BUY,0.23,0.24
1771591944801,YES,0.82,500,SELL,0.76,0.77
1771591944807,NO,0.19,470.32,BUY,0.23,0.24
1771591944807,YES,0.81,470.32,SELL,0.76,0.77
1771591944814,NO,0.23,981.49,BUY,0.23,0.24
1771591944814,YES,0.77,981.49,SELL,0.76,0.77
1771591944817,YES,0.73,261.85,BUY,0.76,0.77
1771591944817,NO,0.27,261.85,SELL,0.23,0.24
1771591944818,NO,0.23,861.49,BUY,0.23,0.24
1771591944818,YES,0.77,861.49,SELL,0.76,0.77
1771591944819,NO,0.18,479,BUY,0.23,0.24
1771591944819,YES,0.82,479,SELL,0.76,0.77
1771591944820,NO,0.17,495,BUY,0.23,0.24
1771591944820,YES,0.83,495,SELL,0.76,0.77
1771591944821,NO,0.2,374,BUY,0.23,0.24
1771591944821,YES,0.8,374,SELL,0.76,0.77
1771591944821,NO,0.08,422,BUY,0.23,0.24
1771591944821,YES,0.92,422,SELL,0.76,0.77
1771591944822,NO,0.17,474,BUY,0.23,0.24
1771591944822,YES,0.83,474,SELL,0.76,0.77
1771591944823,NO,0.21,247,BUY,0.23,0.24
1771591944823,YES,0.79,247,SELL,0.76,0.77
1771591944841,NO,0.23,851.49,BUY,0.23,0.24
1771591944841,YES,0.77,851.49,SELL,0.76,0.77
1771591944843,NO,0.23,671.49,BUY,0.23,0.24
1771591944843,YES,0.77,671.49,SELL,0.76,0.77
1771591944843,NO,0.09,446.1,BUY,0.23,0.24
1771591944843,YES,0.91,446.1,SELL,0.76,0.77
1771591944844,NO,0.15,484,BUY,0.23,0.24
1771591944844,YES,0.85,484,SELL,0.76,0.77
1771591944844,NO,0.23,74.49,BUY,0.23,0.24
1771591944844,YES,0.77,74.49,SELL,0.76,0.77
1771591944852,YES,0.78,37.49,SELL,0.76,0.78
1771591944852,NO,0.22,37.49,BUY,0.22,0.24
1771591944852,NO,0.23,0,BUY,0.22,0.24
1771591944852,YES,0.77,0,SELL,0.76,0.78
1771591944852,NO,0.22,37.49,BUY,0.22,0.24
1771591944852,YES,0.78,37.49,SELL,0.76,0.78
1771591944854,NO,0.17,486.5,BUY,0.22,0.24
1771591944854,YES,0.83,486.5,SELL,0.76,0.78
1771591944858,YES,0.78,27.49,SELL,0.76,0.78
1771591944858,NO,0.22,27.49,BUY,0.22,0.24
1771591944862,NO,0.21,234.49,BUY,0.21,0.24
1771591944862,YES,0.79,234.49,SELL,0.76,0.79
1771591944862,YES,0.78,0,SELL,0.76,0.79
1771591944862,NO,0.22,0,BUY,0.21,0.24
1771591944862,NO,0.22,0,BUY,0.21,0.24
1771591944862,YES,0.78,0,SELL,0.76,0.79
1771591944864,YES,0.76,126.58,BUY,0.76,0.79
1771591944864,NO,0.24,126.58,SELL,0.21,0.24
1771591944865,NO,0.16,539,BUY,0.21,0.24
1771591944865,YES,0.84,539,SELL,0.76,0.79
1771591944866,NO,0.07,516.39,BUY,0.21,0.24
1771591944866,YES,0.93,516.39,SELL,0.76,0.79
1771591944871,NO,0.21,98.49,BUY,0.21,0.24
1771591944871,YES,0.79,98.49,SELL,0.76,0.79
1771591944873,NO,0.15,499,BUY,0.21,0.24
1771591944873,YES,0.85,499,SELL,0.76,0.79
1771591944874,YES,0.74,593.58,BUY,0.76,0.79
1771591944874,NO,0.26,593.58,SELL,0.21,0.24
1771591944875,NO,0.16,551.5,BUY,0.21,0.24
1771591944875,YES,0.84,551.5,SELL,0.76,0.79
1771591944876,NO,0.04,348,BUY,0.21,0.24
1771591944876,YES,0.96,348,SELL,0.76,0.79
1771591944877,NO,0.06,630,BUY,0.21,0.24
1771591944877,YES,0.94,630,SELL,0.76,0.79
1771591944885,NO,0.21,88.16,BUY,0.21,0.24
1771591944885,YES,0.79,88.16,SELL,0.76,0.79
1771591944886,YES,0.74,578.58,BUY,0.76,0.79
1771591944886,NO,0.26,578.58,SELL,0.21,0.24
1771591944888,YES,0.75,966.67,BUY,0.76,0.79
1771591944888,NO,0.25,966.67,SELL,0.21,0.24
1771591944914,NO,0.21,78.84,BUY,0.21,0.24
1771591944914,YES,0.79,78.84,SELL,0.76,0.79
1771591944923,NO,0.21,70.48,BUY,0.21,0.24
1771591944923,YES,0.79,70.48,SELL,0.76,0.79
1771591944930,NO,0.21,64.53,BUY,0.21,0.24
1771591944930,YES,0.79,64.53,SELL,0.76,0.79
1771591944931,NO,0.16,531.5,BUY,0.21,0.24
1771591944931,YES,0.84,531.5,SELL,0.76,0.79
1771591944938,NO,0.21,59.36,BUY,0.21,0.24
1771591944938,YES,0.79,59.36,SELL,0.76,0.79
1771591944958,NO,0.21,45.98,BUY,0.21,0.24
1771591944958,YES,0.79,45.98,SELL,0.76,0.79
1771591944960,YES,0.74,563.58,BUY,0.76,0.79
1771591944960,NO,0.26,563.58,SELL,0.21,0.24
1771591944961,YES,0.75,960,BUY,0.76,0.79
1771591944961,NO,0.25,960,SELL,0.21,0.24
1771591944962,NO,0.08,412,BUY,0.21,0.24
1771591944962,YES,0.92,412,SELL,0.76,0.79
1771591944963,YES,0.74,556.82,BUY,0.76,0.79
1771591944963,NO,0.26,556.82,SELL,0.21,0.24
1771591944964,NO,0.26,541.82,SELL,0.21,0.24
1771591944964,YES,0.74,541.82,BUY,0.76,0.79
1771591944964,YES,0.72,260.95,BUY,0.76,0.79
1771591944964,NO,0.28,260.95,SELL,0.21,0.24
1771591944966,YES,0.76,131.58,BUY,0.76,0.79
1771591944966,NO,0.24,131.58,SELL,0.21,0.24
1771591944967,NO,0.14,486,BUY,0.21,0.24
1771591944967,YES,0.86,486,SELL,0.76,0.79
1771591944967,YES,0.72,254,BUY,0.76,0.79
1771591944967,NO,0.28,254,SELL,0.21,0.24
1771591944968,NO,0.16,516.5,BUY,0.21,0.24
1771591944968,YES,0.84,516.5,SELL,0.76,0.79
1771591944969,NO,0.14,465,BUY,0.21,0.24
1771591944969,YES,0.86,465,SELL,0.76,0.79
1771591944969,NO,0.15,479,BUY,0.21,0.24
1771591944969,YES,0.85,479,SELL,0.76,0.79
1771591944982,NO,0.21,39.51,BUY,0.21,0.24
1771591944982,YES,0.79,39.51,SELL,0.76,0.79
1771591944983,NO,0.21,5,BUY,0.21,0.24
1771591944983,YES,0.79,5,SELL,0.76,0.79
1771591944995,NO,0.2,366.98,BUY,0.2,0.24
1771591944995,YES,0.8,366.98,SELL,0.76,0.8
1771591944995,NO,0.21,0,BUY,0.2,0.24
1771591944995,YES,0.79,0,SELL,0.76,0.8
1771591944997,YES,0.77,60,BUY,0.77,0.8
1771591944997,NO,0.23,60,SELL,0.2,0.23
1771591945017,NO,0.2,344.98,BUY,0.2,0.23
1771591945017,YES,0.8,344.98,SELL,0.77,0.8
1771591945044,NO,0.2,334.98,BUY,0.2,0.23
1771591945044,YES,0.8,334.98,SELL,0.77,0.8
1771591945046,NO,0.13,490,BUY,0.2,0.23
1771591945046,YES,0.87,490,SELL,0.77,0.8
1771591945046,NO,0.2,297,BUY,0.2,0.23
1771591945046,YES,0.8,297,SELL,0.77,0.8
1771591945046,NO,0.19,393.32,BUY,0.2,0.23
1771591945046,YES,0.81,393.32,SELL,0.77,0.8
1771591945047,NO,0.2,285,BUY,0.2,0.23
1771591945047,YES,0.8,285,SELL,0.77,0.8
1771591945048,NO,0.36,442,SELL,0.2,0.23
1771591945048,YES,0.64,442,BUY,0.77,0.8
1771591945049,NO,0.05,834,BUY,0.2,0.23
1771591945049,YES,0.95,834,SELL,0.77,0.8
1771591945050,YES,0.76,136.58,BUY,0.77,0.8
1771591945050,NO,0.24,136.58,SELL,0.2,0.23
1771591945075,NO,0.2,266,BUY,0.2,0.23
1771591945075,YES,0.8,266,SELL,0.77,0.8
1771591945080,NO,0.2,232.51,BUY,0.2,0.23
1771591945080,YES,0.8,232.51,SELL,0.77,0.8
1771591945081,NO,0.18,466.5,BUY,0.2,0.23
1771591945081,YES,0.82,466.5,SELL,0.77,0.8
1771591945082,NO,0.19,161.32,BUY,0.2,0.23
1771591945082,YES,0.81,161.32,SELL,0.77,0.8
1771591945082,NO,0.2,53,BUY,0.2,0.23
1771591945082,YES,0.8,53,SELL,0.77,0.8
1771591945082,NO,0.21,0,BUY,0.2,0.23
1771591945082,YES,0.79,0,SELL,0.77,0.8
1771591945097,NO,0.2,46.02,BUY,0.2,0.23
1771591945097,YES,0.8,46.02,SELL,0.77,0.8
1771591945099,YES,0.7,793,BUY,0.77,0.8
1771591945099,NO,0.3,793,SELL,0.2,0.23
1771591945100,YES,0.71,475.8,BUY,0.77,0.8
1771591945100,NO,0.29,475.8,SELL,0.2,0.23
1771591945100,NO,0.16,496.5,BUY,0.2,0.23
1771591945100,YES,0.84,496.5,SELL,0.77,0.8
1771591945101,YES,0.76,130,BUY,0.77,0.8
1771591945101,NO,0.24,130,SELL,0.2,0.23
1771591945102,NO,0.18,451.5,BUY,0.2,0.23
1771591945102,YES,0.82,451.5,SELL,0.77,0.8
1771591945127,YES,0.8,37.02,SELL,0.77,0.8
1771591945127,NO,0.2,37.02,BUY,0.2,0.23
1771591945127,NO,0.2,37.02,BUY,0.2,0.23
1771591945127,YES,0.8,37.02,SELL,0.77,0.8
1771591945128,NO,0.17,254.5,BUY,0.2,0.23
1771591945128,YES,0.83,254.5,SELL,0.77,0.8
1771591945128,NO,0.18,219.5,BUY,0.2,0.23
1771591945128,YES,0.82,219.5,SELL,0.77,0.8
1771591945128,NO,0.19,161.32,BUY,0.2,0.23
1771591945128,YES,0.81,161.32,SELL,0.77,0.8
1771591945128,NO,0.2,37.02,BUY,0.2,0.23
1771591945128,YES,0.8,37.02,SELL,0.77,0.8
1771591945128,NO,0.21,0,BUY,0.2,0.23
1771591945128,YES,0.79,0,SELL,0.77,0.8
1771591945130,NO,0.14,470,BUY,0.2,0.23
1771591945130,YES,0.86,470,SELL,0.77,0.8
1771591945130,NO,0.15,484,BUY,0.2,0.23
1771591945130,YES,0.85,484,SELL,0.77,0.8
1771591945131,NO,0.15,464,BUY,0.2,0.23
1771591945131,YES,0.85,464,SELL,0.77,0.8
1771591945132,NO,0.16,491.5,BUY,0.2,0.23
1771591945132,YES,0.84,491.5,SELL,0.77,0.8
1771591945132,YES,0.64,437,BUY,0.77,0.8
1771591945132,NO,0.36,437,SELL,0.2,0.23
1771591945133,NO,0.11,499,BUY,0.2,0.23
1771591945133,YES,0.89,499,SELL,0.77,0.8
1771591945133,NO,0.17,239.5,BUY,0.2,0.23
1771591945133,YES,0.83,239.5,SELL,0.77,0.8
1771591945144,YES,0.8,13.55,SELL,0.77,0.8
1771591945144,NO,0.2,13.55,BUY,0.2,0.23
1771591945144,NO,0.2,13.55,BUY,0.2,0.23
1771591945144,YES,0.8,13.55,SELL,0.77,0.8
1771591945145,NO,0.12,510,BUY,0.2,0.23
1771591945145,YES,0.88,510,SELL,0.77,0.8
1771591945146,NO,0.12,490,BUY,0.2,0.23
1771591945146,YES,0.88,490,SELL,0.77,0.8
1771591945160,NO,0.19,157.04,BUY,0.19,0.23
1771591945160,YES,0.81,157.04,SELL,0.77,0.81
1771591945160,YES,0.8,0,SELL,0.77,0.81
1771591945160,NO,0.2,0,BUY,0.19,0.23
1771591945162,YES,0.69,429,BUY,0.77,0.81
1771591945162,NO,0.31,429,SELL,0.19,0.23
1771591945163,NO,0.15,459,BUY,0.19,0.23
1771591945163,YES,0.85,459,SELL,0.77,0.81
1771591945163,NO,0.14,450,BUY,0.19,0.23
1771591945163,YES,0.86,450,SELL,0.77,0.81
1771591945164,NO,0.03,559.33,BUY,0.19,0.23
1771591945164,YES,0.97,559.33,SELL,0.77,0.81
1771591945164,NO,0.08,407,BUY,0.19,0.23
1771591945164,YES,0.92,407,SELL,0.77,0.81
1771591945165,NO,0.13,470,BUY,0.19,0.23
1771591945165,YES,0.87,470,SELL,0.77,0.81
1771591945165,NO,0.17,162.5,BUY,0.19,0.23
1771591945165,YES,0.83,162.5,SELL,0.77,0.81
1771591945165,NO,0.18,142.5,BUY,0.19,0.23
1771591945165,YES,0.82,142.5,SELL,0.77,0.81
1771591945165,NO,0.16,414.5,BUY,0.19,0.23
1771591945165,YES,0.84,414.5,SELL,0.77,0.81
1771591945165,NO,0.2,0,BUY,0.19,0.23
1771591945165,YES,0.8,0,SELL,0.77,0.81
1771591945165,NO,0.19,157.04,BUY,0.19,0.23
1771591945165,YES,0.81,157.04,SELL,0.77,0.81
1771591945173,NO,0.19,151.16,BUY,0.19,0.23
1771591945173,YES,0.81,151.16,SELL,0.77,0.81
1771591945174,YES,0.5,491.55,BUY,0.77,0.81
1771591945174,NO,0.5,491.55,SELL,0.19,0.23
1771591945175,YES,0.73,255,BUY,0.77,0.81
1771591945175,NO,0.27,255,SELL,0.19,0.23
1771591945176,NO,0.13,449,BUY,0.19,0.23
1771591945176,YES,0.87,449,SELL,0.77,0.81
1771591945176,NO,0.15,382,BUY,0.19,0.23
1771591945176,YES,0.85,382,SELL,0.77,0.81
1771591945176,NO,0.17,162.5,BUY,0.19,0.23
1771591945176,YES,0.83,162.5,SELL,0.77,0.81
1771591945176,NO,0.18,142.5,BUY,0.19,0.23
1771591945176,YES,0.82,142.5,SELL,0.77,0.81
1771591945176,NO,0.16,414.5,BUY,0.19,0.23
1771591945176,YES,0.84,414.5,SELL,0.77,0.81
1771591945176,NO,0.2,0,BUY,0.19,0.23
1771591945176,YES,0.8,0,SELL,0.77,0.81
1771591945176,NO,0.19,151.16,BUY,0.19,0.23
1771591945176,YES,0.81,151.16,SELL,0.77,0.81
1771591945177,NO,0.1,1072.66,BUY,0.19,0.23
1771591945177,YES,0.9,1072.66,SELL,0.77,0.81
1771591945189,NO,0.19,132.17,BUY,0.19,0.23
1771591945189,YES,0.81,132.17,SELL,0.77,0.81
1771591945191,NO,0.15,150,BUY,0.19,0.23
1771591945191,YES,0.85,150,SELL,0.77,0.81
1771591945191,NO,0.17,162.5,BUY,0.19,0.23
1771591945191,YES,0.83,162.5,SELL,0.77,0.81
1771591945191,NO,0.18,142.5,BUY,0.19,0.23
1771591945191,YES,0.82,142.5,SELL,0.77,0.81
1771591945191,NO,0.16,182.5,BUY,0.19,0.23
1771591945191,YES,0.84,182.5,SELL,0.77,0.81
1771591945191,NO,0.19,132.17,BUY,0.19,0.23
1771591945191,YES,0.81,132.17,SELL,0.77,0.81
1771591945191,NO,0.2,0,BUY,0.19,0.23
1771591945191,YES,0.8,0,SELL,0.77,0.81
1771591945191,NO,0.21,0,BUY,0.19,0.23
1771591945191,YES,0.79,0,SELL,0.77,0.81
1771591945192,NO,0.11,479,BUY,0.19,0.23
1771591945192,YES,0.89,479,SELL,0.77,0.81
1771591945192,NO,0.11,500,BUY,0.19,0.23
1771591945192,YES,0.89,500,SELL,0.77,0.81
1771591945203,NO,0.19,121.05,BUY,0.19,0.23
1771591945203,YES,0.81,121.05,SELL,0.77,0.81
1771591945205,NO,0.09,426.1,BUY,0.19,0.23
1771591945205,YES,0.91,426.1,SELL,0.77,0.81
1771591945205,NO,0.02,2753,BUY,0.19,0.23
1771591945205,YES,0.98,2753,SELL,0.77,0.81
1771591945213,NO,0.19,101.71,BUY,0.19,0.23
1771591945213,YES,0.81,101.71,SELL,0.77,0.81
1771591945215,NO,0.12,470,BUY,0.19,0.23
1771591945215,YES,0.88,470,SELL,0.77,0.81
1771591945215,NO,0.19,114.71,BUY,0.19,0.23
1771591945215,YES,0.81,114.71,SELL,0.77,0.81
1771591945216,NO,0.2,75,SELL,0.19,0.2
1771591945216,YES,0.8,75,BUY,0.8,0.81
1771591945231,NO,0.19,109.15,BUY,0.19,0.2
1771591945231,YES,0.81,109.15,SELL,0.8,0.81
1771591945232,YES,0.77,66.49,BUY,0.8,0.81
1771591945232,NO,0.23,66.49,SELL,0.19,0.2
1771591945233,NO,0.1,1052.66,BUY,0.19,0.2
1771591945233,YES,0.9,1052.66,SELL,0.8,0.81
1771591945234,NO,0.08,387,BUY,0.19,0.2
1771591945234,YES,0.92,387,SELL,0.8,0.81
1771591945234,NO,0.17,150,BUY,0.19,0.2
1771591945234,YES,0.83,150,SELL,0.8,0.81
1771591945235,NO,0.23,141.49,SELL,0.19,0.2
1771591945235,YES,0.77,141.49,BUY,0.8,0.81
1771591945244,NO,0.19,80.15,BUY,0.19,0.2
1771591945244,YES,0.81,80.15,SELL,0.8,0.81
1771591945253,NO,0.19,74.15,BUY,0.19,0.2
1771591945253,YES,0.81,74.15,SELL,0.8,0.81
1771591945254,NO,0.09,406.1,BUY,0.19,0.2
1771591945254,YES,0.91,406.1,SELL,0.8,0.81
1771591945255,NO,0.07,496.39,BUY,0.19,0.2
1771591945255,YES,0.93,496.39,SELL,0.8,0.81
1771591945255,NO,0.08,367,BUY,0.19,0.2
1771591945255,YES,0.92,367,SELL,0.8,0.81
1771591945265,NO,0.19,66.27,BUY,0.19,0.2
1771591945265,YES,0.81,66.27,SELL,0.8,0.81
1771591945266,NO,0.28,484,SELL,0.19,0.2
1771591945266,YES,0.72,484,BUY,0.8,0.81
1771591945272,NO,0.19,56.02,BUY,0.19,0.2
1771591945272,YES,0.81,56.02,SELL,0.8,0.81
1771591945278,NO,0.18,123.52,BUY,0.18,0.2
1771591945278,YES,0.82,123.52,SELL,0.8,0.82
1771591945278,NO,0.19,0,BUY,0.18,0.2
1771591945278,YES,0.81,0,SELL,0.8,0.82
1771591945278,YES,0.81,0,SELL,0.8,0.82
1771591945278,NO,0.19,0,BUY,0.18,0.2
1771591945279,NO,0.13,372,BUY,0.18,0.2
1771591945279,YES,0.87,372,SELL,0.8,0.82
1771591945279,NO,0.14,373,BUY,0.18,0.2
1771591945279,YES,0.86,373,SELL,0.8,0.82
1771591945279,NO,0.15,150,BUY,0.18,0.2
1771591945279,YES,0.85,150,SELL,0.8,0.82
1771591945279,NO,0.17,150,BUY,0.18,0.2
1771591945279,YES,0.83,150,SELL,0.8,0.82
1771591945279,NO,0.18,123.52,BUY,0.18,0.2
1771591945279,YES,0.82,123.52,SELL,0.8,0.82
1771591945279,NO,0.16,182.5,BUY,0.18,0.2
1771591945279,YES,0.84,182.5,SELL,0.8,0.82
1771591945279,NO,0.2,0,BUY,0.18,0.2
1771591945279,YES,0.8,0,SELL,0.8,0.82
1771591945279,NO,0.19,0,BUY,0.18,0.2
1771591945279,YES,0.81,0,SELL,0.8,0.82
1771591945280,NO,0.13,140,BUY,0.18,0.2
1771591945280,YES,0.87,140,SELL,0.8,0.82
1771591945280,NO,0.14,141,BUY,0.18,0.2
1771591945280,YES,0.86,141,SELL,0.8,0.82
1771591945280,NO,0.15,150,BUY,0.18,0.2
1771591945280,YES,0.85,150,SELL,0.8,0.82
1771591945280,NO,0.17,150,BUY,0.18,0.2
1771591945280,YES,0.83,150,SELL,0.8,0.82
1771591945280,NO,0.18,123.52,BUY,0.18,0.2
1771591945280,YES,0.82,123.52,SELL,0.8,0.82
1771591945280,NO,0.16,182.5,BUY,0.18,0.2
1771591945280,YES,0.84,182.5,SELL,0.8,0.82
1771591945280,NO,0.19,0,BUY,0.18,0.2
1771591945280,YES,0.81,0,SELL,0.8,0.82
1771591945280,NO,0.2,0,BUY,0.18,0.2
1771591945280,YES,0.8,0,SELL,0.8,0.82
1771591945280,NO,0.21,0,BUY,0.18,0.2
1771591945280,YES,0.79,0,SELL,0.8,0.82
1771591945281,NO,0.15,135,BUY,0.18,0.2
1771591945281,YES,0.85,135,SELL,0.8,0.82
1771591945300,NO,0.18,113.52,BUY,0.18,0.2
1771591945300,YES,0.82,113.52,SELL,0.8,0.82
1771591945301,NO,0.07,476.39,BUY,0.18,0.2
1771591945301,YES,0.93,476.39,SELL,0.8,0.82
1771591945302,NO,0.04,343,BUY,0.18,0.2
1771591945302,YES,0.96,343,SELL,0.8,0.82
1771591945303,YES,0.86,156,SELL,0.8,0.82
1771591945303,NO,0.14,156,BUY,0.18,0.2
1771591945303,YES,0.78,75,BUY,0.8,0.82
1771591945303,NO,0.22,75,SELL,0.18,0.2
1771591945304,NO,0.06,625,BUY,0.18,0.2
1771591945304,YES,0.94,625,SELL,0.8,0.82
1771591945305,YES,0.77,146.49,BUY,0.8,0.82
1771591945305,NO,0.23,146.49,SELL,0.18,0.2
1771591945306,NO,0.16,170,BUY,0.18,0.2
1771591945306,YES,0.84,170,SELL,0.8,0.82
1771591945307,NO,0.22,305,SELL,0.18,0.2
1771591945307,YES,0.78,305,BUY,0.8,0.82
1771591945308,NO,0.13,140,BUY,0.18,0.2
1771591945308,YES,0.87,140,SELL,0.8,0.82
1771591945308,NO,0.12,393,BUY,0.18,0.2
1771591945308,YES,0.88,393,SELL,0.8,0.82
1771591945308,NO,0.14,156,BUY,0.18,0.2
1771591945308,YES,0.86,156,SELL,0.8,0.82
1771591945308,NO,0.15,135,BUY,0.18,0.2
1771591945308,YES,0.85,135,SELL,0.8,0.82
1771591945308,NO,0.17,150,BUY,0.18,0.2
1771591945308,YES,0.83,150,SELL,0.8,0.82
1771591945308,NO,0.18,113.52,BUY,0.18,0.2
1771591945308,YES,0.82,113.52,SELL,0.8,0.82
1771591945308,NO,0.16,170,BUY,0.18,0.2
1771591945308,YES,0.84,170,SELL,0.8,0.82
1771591945308,NO,0.2,0,BUY,0.18,0.2
1771591945308,YES,0.8,0,SELL,0.8,0.82
1771591945308,NO,0.19,0,BUY,0.18,0.2
1771591945308,YES,0.81,0,SELL,0.8,0.82
1771591945309,NO,0.07,471.39,BUY,0.18,0.2
1771591945309,YES,0.93,471.39,SELL,0.8,0.82
1771591945316,NO,0.18,102.91,BUY,0.18,0.2
1771591945316,YES,0.82,102.91,SELL,0.8,0.82
1771591945317,YES,0.76,135,BUY,0.8,0.82
1771591945317,NO,0.24,135,SELL,0.18,0.2
1771591945319,NO,0.24,210,SELL,0.18,0.2
1771591945319,YES,0.76,210,BUY,0.8,0.82
1771591945320,NO,0.21,75,SELL,0.18,0.2
1771591945320,YES,0.79,75,BUY,0.8,0.82
1771591945321,NO,0.14,171,BUY,0.18,0.2
1771591945321,YES,0.86,171,SELL,0.8,0.82
1771591945322,NO,0.01,8066.42,BUY,0.18,0.2
1771591945322,YES,0.99,8066.42,SELL,0.8,0.82
1771591945346,NO,0.18,97.78,BUY,0.18,0.2
1771591945346,YES,0.82,97.78,SELL,0.8,0.82
1771591945352,NO,0.18,87.41,BUY,0.18,0.2
1771591945352,YES,0.82,87.41,SELL,0.8,0.82
1771591945353,YES,0.88,408,SELL,0.8,0.82
1771591945353,NO,0.12,408,BUY,0.18,0.2
1771591945357,NO,0.18,12.41,BUY,0.18,0.2
1771591945357,YES,0.82,12.41,SELL,0.8,0.82
1771591945359,YES,0.81,15,BUY,0.81,0.82
1771591945359,NO,0.19,15,SELL,0.18,0.19
1771591945360,NO,0.11,515,BUY,0.18,0.19
1771591945360,YES,0.89,515,SELL,0.81,0.82
1771591945360,NO,0.13,140,BUY,0.18,0.19
1771591945360,YES,0.87,140,SELL,0.81,0.82
1771591945360,NO,0.12,408,BUY,0.18,0.19
1771591945360,YES,0.88,408,SELL,0.81,0.82
1771591945360,NO,0.11,438,BUY,0.18,0.19
1771591945360,YES,0.89,438,SELL,0.81,0.82
1771591945360,NO,0.14,171,BUY,0.18,0.19
1771591945360,YES,0.86,171,SELL,0.81,0.82
1771591945360,NO,0.15,135,BUY,0.18,0.19
1771591945360,YES,0.85,135,SELL,0.81,0.82
1771591945360,NO,0.17,150,BUY,0.18,0.19
1771591945360,YES,0.83,150,SELL,0.81,0.82
1771591945360,NO,0.18,12.41,BUY,0.18,0.19
1771591945360,YES,0.82,12.41,SELL,0.81,0.82
1771591945360,NO,0.16,170,BUY,0.18,0.19
1771591945360,YES,0.84,170,SELL,0.81,0.82
1771591945360,NO,0.2,0,BUY,0.18,0.19
1771591945360,YES,0.8,0,SELL,0.81,0.82
1771591945360,NO,0.19,0,BUY,0.18,0.19
1771591945360,YES,0.81,0,SELL,0.81,0.82
1771591945375,NO,0.18,3.61,BUY,0.18,0.19
1771591945375,YES,0.82,3.61,SELL,0.81,0.82
1771591945385,NO,0.17,117.1,BUY,0.17,0.19
1771591945385,YES,0.83,117.1,SELL,0.81,0.83
1771591945385,NO,0.18,0,BUY,0.17,0.19
1771591945385,YES,0.82,0,SELL,0.81,0.83
1771591945387,NO,0.08,442,BUY,0.17,0.19
1771591945387,YES,0.92,442,SELL,0.81,0.83
1771591945388,NO,0.11,450.5,BUY,0.17,0.19
1771591945388,YES,0.89,450.5,SELL,0.81,0.83
1771591945389,YES,0.72,479,BUY,0.81,0.83
1771591945389,NO,0.28,479,SELL,0.17,0.19
1771591945390,NO,0.13,140,BUY,0.17,0.19
1771591945390,YES,0.87,140,SELL,0.81,0.83
1771591945390,NO,0.12,408,BUY,0.17,0.19
1771591945390,YES,0.88,408,SELL,0.81,0.83
1771591945390,NO,0.11,450.5,BUY,0.17,0.19
1771591945390,YES,0.89,450.5,SELL,0.81,0.83
1771591945390,NO,0.1,975.66,BUY,0.17,0.19
1771591945390,YES,0.9,975.66,SELL,0.81,0.83
1771591945390,NO,0.14,171,BUY,0.17,0.19
1771591945390,YES,0.86,171,SELL,0.81,0.83
1771591945390,NO,0.15,135,BUY,0.17,0.19
1771591945390,YES,0.85,135,SELL,0.81,0.83
1771591945390,NO,0.17,117.1,BUY,0.17,0.19
1771591945390,YES,0.83,117.1,SELL,0.81,0.83
1771591945390,NO,0.18,0,BUY,0.17,0.19
1771591945390,YES,0.82,0,SELL,0.81,0.83
1771591945390,NO,0.16,170,BUY,0.17,0.19
1771591945390,YES,0.84,170,SELL,0.81,0.83
1771591945390,NO,0.2,0,BUY,0.17,0.19
1771591945390,YES,0.8,0,SELL,0.81,0.83
1771591945390,NO,0.19,0,BUY,0.17,0.19
1771591945390,YES,0.81,0,SELL,0.81,0.83
1771591945393,NO,0.17,42.1,BUY,0.17,0.19
1771591945393,YES,0.83,42.1,SELL,0.81,0.83
1771591945394,NO,0.09,481.1,BUY,0.17,0.19
1771591945394,YES,0.91,481.1,SELL,0.81,0.83
1771591945395,YES,0.81,25,BUY,0.81,0.83
1771591945395,NO,0.19,25,SELL,0.17,0.19
1771591945396,YES,0.74,539,BUY,0.81,0.83
1771591945396,NO,0.26,539,SELL,0.17,0.19
1771591945402,NO,0.16,137.1,BUY,0.16,0.19
1771591945402,YES,0.84,137.1,SELL,0.81,0.84
1771591945402,NO,0.17,0,BUY,0.16,0.19
1771591945402,YES,0.83,0,SELL,0.81,0.84
1771591945403,NO,0.07,546.39,BUY,0.16,0.19
1771591945403,YES,0.93,546.39,SELL,0.81,0.84
1771591945404,YES,0.79,90,BUY,0.81,0.84
1771591945404,NO,0.21,90,SELL,0.16,0.19
1771591945405,YES,0.79,106,BUY,0.81,0.84
1771591945405,NO,0.21,106,SELL,0.16,0.19
1771591945406,NO,0.13,140,BUY,0.16,0.19
1771591945406,YES,0.87,140,SELL,0.81,0.84
1771591945406,NO,0.12,176,BUY,0.16,0.19
1771591945406,YES,0.88,176,SELL,0.81,0.84
1771591945406,NO,0.14,171,BUY,0.16,0.19
1771591945406,YES,0.86,171,SELL,0.81,0.84
1771591945406,NO,0.15,135,BUY,0.16,0.19
1771591945406,YES,0.85,135,SELL,0.81,0.84
1771591945406,NO,0.17,0,BUY,0.16,0.19
1771591945406,YES,0.83,0,SELL,0.81,0.84
1771591945406,NO,0.18,0,BUY,0.16,0.19
1771591945406,YES,0.82,0,SELL,0.81,0.84
1771591945406,NO,0.16,137.1,BUY,0.16,0.19
1771591945406,YES,0.84,137.1,SELL,0.81,0.84
1771591945406,NO,0.19,0,BUY,0.16,0.19
1771591945406,YES,0.81,0,SELL,0.81,0.84
1771591945406,NO,0.2,0,BUY,0.16,0.19
1771591945406,YES,0.8,0,SELL,0.81,0.84
1771591945406,NO,0.21,0,BUY,0.16,0.19
1771591945406,YES,0.79,0,SELL,0.81,0.84
1771591945407,YES,0.75,0,BUY,0.81,0.84
1771591945407,NO,0.25,0,SELL,0.16,0.19
1771591945409,YES,0.76,271,BUY,0.81,0.84
1771591945409,NO,0.24,271,SELL,0.16,0.19
1771591945410,YES,0.74,359,BUY,0.81,0.84
1771591945410,NO,0.26,359,SELL,0.16,0.19
1771591945411,NO,0.11,218.5,BUY,0.16,0.19
1771591945411,YES,0.89,218.5,SELL,0.81,0.84
1771591945411,NO,0.13,140,BUY,0.16,0.19
1771591945411,YES,0.87,140,SELL,0.81,0.84
1771591945411,NO,0.12,176,BUY,0.16,0.19
1771591945411,YES,0.88,176,SELL,0.81,0.84
1771591945411,NO,0.14,171,BUY,0.16,0.19
1771591945411,YES,0.86,171,SELL,0.81,0.84
1771591945411,NO,0.15,135,BUY,0.16,0.19
1771591945411,YES,0.85,135,SELL,0.81,0.84
1771591945411,NO,0.17,0,BUY,0.16,0.19
1771591945411,YES,0.83,0,SELL,0.81,0.84
1771591945411,NO,0.18,0,BUY,0.16,0.19
1771591945411,YES,0.82,0,SELL,0.81,0.84
1771591945411,NO,0.16,137.1,BUY,0.16,0.19
1771591945411,YES,0.84,137.1,SELL,0.81,0.84
1771591945411,NO,0.19,0,BUY,0.16,0.19
1771591945411,YES,0.81,0,SELL,0.81,0.84
1771591945411,NO,0.2,0,BUY,0.16,0.19
1771591945411,YES,0.8,0,SELL,0.81,0.84
1771591945411,NO,0.21,0,BUY,0.16,0.19
1771591945411,YES,0.79,0,SELL,0.81,0.84
1771591945412,YES,0.75,6.67,BUY,0.81,0.84
1771591945412,NO,0.25,6.67,SELL,0.16,0.19
1771591945413,YES,0.74,372.94,BUY,0.81,0.84
1771591945413,NO,0.26,372.94,SELL,0.16,0.19
1771591945415,YES,0.76,277.58,BUY,0.81,0.84
1771591945415,NO,0.24,277.58,SELL,0.16,0.19
1771591945418,YES,0.81,19,BUY,0.81,0.84
1771591945418,NO,0.19,19,SELL,0.16,0.19
1771591945419,NO,0.17,960,BUY,0.17,0.19
1771591945419,YES,0.83,960,SELL,0.81,0.83
1771591945420,YES,0.79,123,BUY,0.81,0.83
1771591945420,NO,0.21,123,SELL,0.17,0.19
1771591945421,YES,0.65,429,BUY,0.81,0.83
1771591945421,NO,0.35,429,SELL,0.17,0.19
1771591945422,YES,0.79,141,BUY,0.81,0.83
1771591945422,NO,0.21,141,SELL,0.17,0.19
1771591945423,YES,0.73,261.85,BUY,0.81,0.83
1771591945423,NO,0.27,261.85,SELL,0.17,0.19
1771591945424,NO,0.14,51,BUY,0.17,0.19
1771591945424,YES,0.86,51,SELL,0.81,0.83
1771591945424,NO,0.13,20,BUY,0.17,0.19
1771591945424,YES,0.87,20,SELL,0.81,0.83
1771591945424,NO,0.16,45,BUY,0.17,0.19
1771591945424,YES,0.84,45,SELL,0.81,0.83
1771591945424,NO,0.15,15,BUY,0.17,0.19
1771591945424,YES,0.85,15,SELL,0.81,0.83
1771591945425,NO,0.12,56,BUY,0.17,0.19
1771591945425,YES,0.88,56,SELL,0.81,0.83
1771591945430,YES,0.81,12.89,BUY,0.81,0.83
1771591945430,NO,0.19,12.89,SELL,0.17,0.19
1771591945431,YES,0.79,261,BUY,0.81,0.83
1771591945431,NO,0.21,261,SELL,0.17,0.19
1771591945432,YES,0.78,425,BUY,0.81,0.83
1771591945432,NO,0.22,425,SELL,0.17,0.19
1771591945434,YES,0.77,266.49,BUY,0.81,0.83
1771591945434,NO,0.23,266.49,SELL,0.17,0.19
1771591945435,NO,0.27,251.85,SELL,0.17,0.19
1771591945435,YES,0.73,251.85,BUY,0.81,0.83
1771591945436,YES,0.76,316.58,BUY,0.81,0.83
1771591945436,NO,0.24,316.58,SELL,0.17,0.19
1771591945437,NO,0.27,241.85,SELL,0.17,0.19
1771591945437,YES,0.73,241.85,BUY,0.81,0.83
1771591945438,NO,0.1,996.66,BUY,0.17,0.19
1771591945438,YES,0.9,996.66,SELL,0.81,0.83
1771591945438,NO,0.27,231.85,SELL,0.17,0.19
1771591945438,YES,0.73,231.85,BUY,0.81,0.83
1771591945439,YES,0.73,221.85,BUY,0.81,0.83
1771591945439,NO,0.27,221.85,SELL,0.17,0.19
1771591945442,NO,0.17,945,BUY,0.17,0.19
1771591945442,YES,0.83,945,SELL,0.81,0.83
1771591945445,NO,0.17,930,BUY,0.17,0.19
1771591945445,YES,0.83,930,SELL,0.81,0.83
1771591945446,NO,0.07,776.39,BUY,0.17,0.19
1771591945446,YES,0.93,776.39,SELL,0.81,0.83
1771591945447,YES,0.76,321.58,BUY,0.81,0.83
1771591945447,NO,0.24,321.58,SELL,0.17,0.19
1771591945466,NO,0.17,915,BUY,0.17,0.19
1771591945466,YES,0.83,915,SELL,0.81,0.83
1771591945468,YES,0.77,326.49,BUY,0.81,0.83
1771591945468,NO,0.23,326.49,SELL,0.17,0.19
1771591945469,YES,0.74,367.94,BUY,0.81,0.83
1771591945469,NO,0.26,367.94,SELL,0.17,0.19
1771591945470,NO,0.18,0,BUY,0.17,0.19
1771591945470,YES,0.82,0,SELL,0.81,0.83
1771591945470,NO,0.16,40,BUY,0.17,0.19
1771591945470,YES,0.84,40,SELL,0.81,0.83
1771591945471,YES,0.76,551.58,BUY,0.81,0.83
1771591945471,NO,0.24,551.58,SELL,0.17,0.19
1771591945472,NO,0.12,46,BUY,0.17,0.19
1771591945472,YES,0.88,46,SELL,0.81,0.83
1771591945472,NO,0.13,10,BUY,0.17,0.19
1771591945472,YES,0.87,10,SELL,0.81,0.83
1771591945472,NO,0.14,41,BUY,0.17,0.19
1771591945472,YES,0.86,41,SELL,0.81,0.83
1771591945472,NO,0.15,5,BUY,0.17,0.19
1771591945472,YES,0.85,5,SELL,0.81,0.83
1771591945472,NO,0.16,30,BUY,0.17,0.19
1771591945472,YES,0.84,30,SELL,0.81,0.83
1771591945473,NO,0.13,30,BUY,0.17,0.19
1771591945473,YES,0.87,30,SELL,0.81,0.83
1771591945473,NO,0.27,451.85,SELL,0.17,0.19
1771591945473,YES,0.73,451.85,BUY,0.81,0.83
1771591945478,NO,0.17,904.51,BUY,0.17,0.19
1771591945478,YES,0.83,904.51,SELL,0.81,0.83
1771591945479,YES,0.72,469,BUY,0.81,0.83
1771591945479,NO,0.28,469,SELL,0.17,0.19
1771591945480,NO,0.35,438.94,SELL,0.17,0.19
1771591945480,YES,0.65,438.94,BUY,0.81,0.83
1771591945481,NO,0.05,829,BUY,0.17,0.19
1771591945481,YES,0.95,829,SELL,0.81,0.83
1771591945482,YES,0.77,336.49,BUY,0.81,0.83
1771591945482,NO,0.23,336.49,SELL,0.17,0.19
1771591945484,NO,0.1,1011.66,BUY,0.17,0.19
1771591945484,YES,0.9,1011.66,SELL,0.81,0.83
1771591945484,YES,0.75,236.67,BUY,0.81,0.83
1771591945484,NO,0.25,236.67,SELL,0.17,0.19
1771591945486,YES,0.77,341.49,BUY,0.81,0.83
1771591945486,NO,0.23,341.49,SELL,0.17,0.19
1771591945487,NO,0.19,242.89,SELL,0.17,0.19
1771591945487,YES,0.81,242.89,BUY,0.81,0.83
1771591945488,NO,0.09,361.1,BUY,0.17,0.19
1771591945488,YES,0.91,361.1,SELL,0.81,0.83
1771591945488,NO,0.05,709,BUY,0.17,0.19
1771591945488,YES,0.95,709,SELL,0.81,0.83
1771591945489,NO,0.06,505,BUY,0.17,0.19
1771591945489,YES,0.94,505,SELL,0.81,0.83
1771591945489,NO,0.04,223,BUY,0.17,0.19
1771591945489,YES,0.96,223,SELL,0.81,0.83
1771591945490,NO,0.11,98.5,BUY,0.17,0.19
1771591945490,YES,0.89,98.5,SELL,0.81,0.83
1771591945490,NO,0.1,891.66,BUY,0.17,0.19
1771591945490,YES,0.9,891.66,SELL,0.81,0.83
1771591945490,NO,0.03,439.33,BUY,0.17,0.19
1771591945490,YES,0.97,439.33,SELL,0.81,0.83
1771591945491,NO,0.08,322,BUY,0.17,0.19
1771591945491,YES,0.92,322,SELL,0.81,0.83
1771591945491,NO,0.07,656.39,BUY,0.17,0.19
1771591945491,YES,0.93,656.39,SELL,0.81,0.83
1771591945492,NO,0.26,597.94,SELL,0.17,0.19
1771591945492,YES,0.74,597.94,BUY,0.81,0.83
1771591945493,YES,0.81,378.89,BUY,0.81,0.83
1771591945493,NO,0.19,378.89,SELL,0.17,0.19
1771591945494,YES,0.77,571.49,BUY,0.81,0.83
1771591945494,NO,0.23,571.49,SELL,0.17,0.19
1771591945495,YES,0.7,788,BUY,0.81,0.83
1771591945495,NO,0.3,788,SELL,0.17,0.19
1771591945497,NO,0.21,491,SELL,0.17,0.19
1771591945497,YES,0.79,491,BUY,0.81,0.83
1771591945498,YES,0.77,583.49,BUY,0.81,0.83
1771591945498,NO,0.23,583.49,SELL,0.17,0.19
1771591945499,YES,0.81,383.89,BUY,0.81,0.83
1771591945499,NO,0.19,383.89,SELL,0.17,0.19
1771591945500,YES,0.78,431,BUY,0.81,0.83
1771591945500,NO,0.22,431,SELL,0.17,0.19
1771591945503,NO,0.17,674.51,BUY,0.17,0.19
1771591945503,YES,0.83,674.51,SELL,0.81,0.83
1771591945505,YES,0.8,81.25,BUY,0.81,0.83
1771591945505,NO,0.2,81.25,SELL,0.17,0.19
1771591945508,NO,0.17,626.51,BUY,0.17,0.19
1771591945508,YES,0.83,626.51,SELL,0.81,0.83
1771591945509,YES,0.77,703.49,BUY,0.81,0.83
1771591945509,NO,0.23,703.49,SELL,0.17,0.19
1771591945510,NO,0.07,776.39,BUY,0.17,0.19
1771591945510,YES,0.93,776.39,SELL,0.81,0.83
1771591945511,YES,0.76,671.58,BUY,0.81,0.83
1771591945511,NO,0.24,671.58,SELL,0.17,0.19
1771591945512,YES,0.77,823.49,BUY,0.81,0.83
1771591945512,NO,0.23,823.49,SELL,0.17,0.19
1771591945514,YES,0.75,356.67,BUY,0.81,0.83
1771591945514,NO,0.25,356.67,SELL,0.17,0.19
1771591945515,NO,0.1,896.66,BUY,0.17,0.19
1771591945515,YES,0.9,896.66,SELL,0.81,0.83
1771591945515,NO,0.09,366.1,BUY,0.17,0.19
1771591945515,YES,0.91,366.1,SELL,0.81,0.83
1771591945516,NO,0.07,781.39,BUY,0.17,0.19
1771591945516,YES,0.93,781.39,SELL,0.81,0.83
1771591945517,NO,0.05,714,BUY,0.17,0.19
1771591945517,YES,0.95,714,SELL,0.81,0.83
1771591945518,NO,0.06,510,BUY,0.17,0.19
1771591945518,YES,0.94,510,SELL,0.81,0.83
1771591945518,NO,0.08,327,BUY,0.17,0.19
1771591945518,YES,0.92,327,SELL,0.81,0.83
1771591945519,NO,0.04,228,BUY,0.17,0.19
1771591945519,YES,0.96,228,SELL,0.81,0.83
1771591945520,YES,0.8,201.25,BUY,0.81,0.83
1771591945520,NO,0.2,201.25,SELL,0.17,0.19
1771591945521,NO,0.15,10,BUY,0.17,0.19
1771591945521,YES,0.85,10,SELL,0.81,0.83
1771591945522,YES,0.65,443.94,BUY,0.81,0.83
1771591945522,NO,0.35,443.94,SELL,0.17,0.19
1771591945523,NO,0.12,25,BUY,0.17,0.19
1771591945523,YES,0.88,25,SELL,0.81,0.83
1771591945524,YES,0.75,366.72,BUY,0.81,0.83
1771591945524,NO,0.25,366.72,SELL,0.17,0.19
1771591945525,YES,0.77,837.49,BUY,0.81,0.83
1771591945525,NO,0.23,837.49,SELL,0.17,0.19
1771591945526,NO,0.03,434.33,BUY,0.17,0.19
1771591945526,YES,0.97,434.33,SELL,0.81,0.83
1771591945526,YES,0.5,486.55,BUY,0.81,0.83
1771591945526,NO,0.5,486.55,SELL,0.17,0.19
1771591945528,NO,0.14,46,BUY,0.17,0.19
1771591945528,YES,0.86,46,SELL,0.81,0.83
1771591945529,YES,0.71,480.8,BUY,0.81,0.83
1771591945529,NO,0.29,480.8,SELL,0.17,0.19
1771591945530,NO,0.1,886.66,BUY,0.17,0.19
1771591945530,YES,0.9,886.66,SELL,0.81,0.83
1771591945530,NO,0.11,88.5,BUY,0.17,0.19
1771591945530,YES,0.89,88.5,SELL,0.81,0.83
1771591945530,NO,0.07,806.39,BUY,0.17,0.19
1771591945530,YES,0.93,806.39,SELL,0.81,0.83
1771591945531,NO,0.1,919.94,BUY,0.17,0.19
1771591945531,YES,0.9,919.94,SELL,0.81,0.83
1771591945534,NO,0.17,507.51,BUY,0.17,0.19
1771591945534,YES,0.83,507.51,SELL,0.81,0.83
1771591945535,NO,0.11,67.5,BUY,0.17,0.19
1771591945535,YES,0.89,67.5,SELL,0.81,0.83
1771591945538,NO,0.17,474.02,BUY,0.17,0.19
1771591945538,YES,0.83,474.02,SELL,0.81,0.83
1771591945542,NO,0.17,426.87,BUY,0.17,0.19
1771591945542,YES,0.83,426.87,SELL,0.81,0.83
1771591945543,NO,0.02,2748,BUY,0.17,0.19
1771591945543,YES,0.98,2748,SELL,0.81,0.83
1771591945544,YES,0.77,843.99,BUY,0.81,0.83
1771591945544,NO,0.23,843.99,SELL,0.17,0.19
1771591945544,YES,0.76,666.58,BUY,0.81,0.83
1771591945544,NO,0.24,666.58,SELL,0.17,0.19
1771591945546,YES,0.81,535.89,BUY,0.81,0.83
1771591945546,NO,0.19,535.89,SELL,0.17,0.19
1771591945547,YES,0.8,206.25,BUY,0.81,0.83
1771591945547,NO,0.2,206.25,SELL,0.17,0.19
1771591945548,YES,0.8,220.25,BUY,0.81,0.83
1771591945548,NO,0.2,220.25,SELL,0.17,0.19
1771591945550,YES,0.74,602.94,BUY,0.81,0.83
1771591945550,NO,0.26,602.94,SELL,0.17,0.19
1771591945575,NO,0.17,420.85,BUY,0.17,0.19
1771591945575,YES,0.83,420.85,SELL,0.81,0.83
1771591945576,NO,0.13,105,BUY,0.17,0.19
1771591945576,YES,0.87,105,SELL,0.81,0.83
1771591945577,NO,0.1,932.44,BUY,0.17,0.19
1771591945577,YES,0.9,932.44,SELL,0.81,0.83
1771591945578,NO,0.12,100,BUY,0.17,0.19
1771591945578,YES,0.88,100,SELL,0.81,0.83
1771591945579,YES,0.73,461.85,BUY,0.81,0.83
1771591945579,NO,0.27,461.85,SELL,0.17,0.19
1771591945580,YES,0.77,838.99,BUY,0.81,0.83
1771591945580,NO,0.23,838.99,SELL,0.17,0.19
1771591945584,NO,0.17,410.24,BUY,0.17,0.19
1771591945584,YES,0.83,410.24,SELL,0.81,0.83
1771591945586,YES,0.8,226.25,BUY,0.81,0.83
1771591945586,NO,0.2,226.25,SELL,0.17,0.19
1771591945587,NO,0.11,80,BUY,0.17,0.19
1771591945587,YES,0.89,80,SELL,0.81,0.83
1771591945587,NO,0.14,31,BUY,0.17,0.19
1771591945587,YES,0.86,31,SELL,0.81,0.83
1771591945588,NO,0.1,944.94,BUY,0.17,0.19
1771591945588,YES,0.9,944.94,SELL,0.81,0.83
1771591945588,YES,0.86,16,SELL,0.81,0.83
1771591945588,NO,0.14,16,BUY,0.17,0.19
1771591945589,YES,0.76,546.58,BUY,0.81,0.83
1771591945589,NO,0.24,546.58,SELL,0.17,0.19
1771591945590,NO,0.11,80,BUY,0.17,0.19
1771591945590,YES,0.89,80,SELL,0.81,0.83
1771591945590,NO,0.1,712.94,BUY,0.17,0.19
1771591945590,YES,0.9,712.94,SELL,0.81,0.83
1771591945590,NO,0.11,67.5,BUY,0.17,0.19
1771591945590,YES,0.89,67.5,SELL,0.81,0.83
1771591945591,NO,0.06,740,BUY,0.17,0.19
1771591945591,YES,0.94,740,SELL,0.81,0.83
1771591945592,NO,0.11,142.5,BUY,0.17,0.19
1771591945592,YES,0.89,142.5,SELL,0.81,0.83
1771591945594,NO,0.17,395.24,BUY,0.17,0.19
1771591945594,YES,0.83,395.24,SELL,0.81,0.83
1771591945595,YES,0.74,589,BUY,0.81,0.83
1771591945595,NO,0.26,589,SELL,0.17,0.19
1771591945598,NO,0.17,379.24,BUY,0.17,0.19
1771591945598,YES,0.83,379.24,SELL,0.81,0.83
1771591945599,YES,0.76,541.58,BUY,0.81,0.83
1771591945599,NO,0.24,541.58,SELL,0.17,0.19
1771591945600,YES,0.76,535,BUY,0.81,0.83
1771591945600,NO,0.24,535,SELL,0.17,0.19
1771591945603,NO,0.17,364.24,BUY,0.17,0.19
1771591945603,YES,0.83,364.24,SELL,0.81,0.83
1771591945605,YES,0.75,360.05,BUY,0.81,0.83
1771591945605,NO,0.25,360.05,SELL,0.17,0.19
1771591945606,NO,0.1,722.94,BUY,0.17,0.19
1771591945606,YES,0.9,722.94,SELL,0.81,0.83
1771591945609,NO,0.17,347.24,BUY,0.17,0.19
1771591945609,YES,0.83,347.24,SELL,0.81,0.83
1771591945612,NO,0.17,329.24,BUY,0.17,0.19
1771591945612,YES,0.83,329.24,SELL,0.81,0.83
1771591945613,YES,0.77,718.99,BUY,0.81,0.83
1771591945613,NO,0.23,718.99,SELL,0.17,0.19
1771591945615,NO,0.17,314.24,BUY,0.17,0.19
1771591945615,YES,0.83,314.24,SELL,0.81,0.83
1771591945617,YES,0.8,231.25,BUY,0.81,0.83
1771591945617,NO,0.2,231.25,SELL,0.17,0.19
1771591945618,YES,0.79,371,BUY,0.81,0.83
1771591945618,NO,0.21,371,SELL,0.17,0.19
1771591945621,NO,0.16,0,BUY,0.17,0.19
1771591945621,YES,0.84,0,SELL,0.81,0.83
1771591945623,NO,0.17,299.24,BUY,0.17,0.19
1771591945623,YES,0.83,299.24,SELL,0.81,0.83
1771591945626,NO,0.17,280.24,BUY,0.17,0.19
1771591945626,YES,0.83,280.24,SELL,0.81,0.83
1771591945628,YES,0.73,455,BUY,0.81,0.83
1771591945628,NO,0.27,455,SELL,0.17,0.19
1771591945629,YES,0.76,530,BUY,0.81,0.83
1771591945629,NO,0.24,530,SELL,0.17,0.19
1771591945630,NO,0.17,0,BUY,0.15,0.19
1771591945630,YES,0.83,0,SELL,0.81,0.85
1771591945630,YES,0.78,311,BUY,0.81,0.85
1771591945630,NO,0.22,311,SELL,0.15,0.19
1771591945631,NO,0.11,127.5,BUY,0.15,0.19
1771591945631,YES,0.89,127.5,SELL,0.81,0.85
1771591945632,YES,0.84,10,BUY,0.84,0.85
1771591945632,NO,0.16,10,SELL,0.15,0.16
1771591945633,YES,0.78,431,BUY,0.84,0.85
1771591945633,NO,0.22,431,SELL,0.15,0.16
1771591945634,YES,0.74,594,BUY,0.84,0.85
1771591945634,NO,0.26,594,SELL,0.15,0.16
1771591945636,YES,0.75,365.05,BUY,0.84,0.85
1771591945636,NO,0.25,365.05,SELL,0.15,0.16
1771591945637,YES,0.76,535,BUY,0.84,0.85
1771591945637,NO,0.24,535,SELL,0.15,0.16
1771591945638,NO,0.01,8061.42,BUY,0.15,0.16
1771591945638,YES,0.99,8061.42,SELL,0.84,0.85
1771591945639,YES,0.53,502.98,BUY,0.84,0.85
1771591945639,NO,0.47,502.98,SELL,0.15,0.16
1771591945640,YES,0.74,604,BUY,0.84,0.85
1771591945640,NO,0.26,604,SELL,0.15,0.16
1771591945641,YES,0.82,60,BUY,0.84,0.85
1771591945641,NO,0.18,60,SELL,0.15,0.16
1771591945642,NO,0.02,2868,BUY,0.15,0.16
1771591945642,YES,0.98,2868,SELL,0.84,0.85
1771591945643,YES,0.81,550.89,BUY,0.84,0.85
1771591945643,NO,0.19,550.89,SELL,0.15,0.16
1771591945645,NO,0.06,770,BUY,0.15,0.16
1771591945645,YES,0.94,770,SELL,0.84,0.85
1771591945645,YES,0.84,40,BUY,0.84,0.85
1771591945645,NO,0.16,40,SELL,0.15,0.16
1771591945646,YES,0.81,538,BUY,0.84,0.85
1771591945646,NO,0.19,538,SELL,0.15,0.16
1771591945648,NO,0.1,797.94,BUY,0.15,0.16
1771591945648,YES,0.9,797.94,SELL,0.84,0.85
1771591945648,YES,0.81,543,BUY,0.84,0.85
1771591945648,NO,0.19,543,SELL,0.15,0.16
1771591945649,YES,0.81,538,BUY,0.84,0.85
1771591945649,NO,0.19,538,SELL,0.15,0.16
1771591945651,NO,0.06,800,BUY,0.15,0.16
1771591945651,YES,0.94,800,SELL,0.84,0.85
1771591945651,YES,0.84,70,BUY,0.84,0.85
1771591945651,NO,0.16,70,SELL,0.15,0.16
1771591945653,YES,0.81,599,BUY,0.84,0.85
1771591945653,NO,0.19,599,SELL,0.15,0.16
1771591945654,YES,0.82,65,BUY,0.84,0.85
1771591945654,NO,0.18,65,SELL,0.15,0.16
1771591945655,YES,0.72,457,BUY,0.84,0.85
1771591945655,NO,0.28,457,SELL,0.15,0.16
1771591945655,YES,0.73,443,BUY,0.84,0.85
1771591945655,NO,0.27,443,SELL,0.15,0.16
1771591945656,NO,0.07,686.39,BUY,0.15,0.16
1771591945656,YES,0.93,686.39,SELL,0.84,0.85
1771591945657,YES,0.8,225,BUY,0.84,0.85
1771591945657,NO,0.2,225,SELL,0.15,0.16
1771591945658,NO,0.07,716.39,BUY,0.15,0.16
1771591945658,YES,0.93,716.39,SELL,0.84,0.85
1771591945659,YES,0.73,437,BUY,0.84,0.85
1771591945659,NO,0.27,437,SELL,0.15,0.16
1771591945660,YES,0.8,105,BUY,0.84,0.85
1771591945660,NO,0.2,105,SELL,0.15,0.16
1771591945661,YES,0.65,438.94,BUY,0.84,0.85
1771591945661,NO,0.35,438.94,SELL,0.15,0.16
1771591945661,NO,0.15,5,BUY,0.15,0.16
1771591945661,YES,0.85,5,SELL,0.84,0.85
1771591945662,NO,0.1,764.66,BUY,0.15,0.16
1771591945662,YES,0.9,764.66,SELL,0.84,0.85
1771591945663,NO,0.06,830,BUY,0.15,0.16
1771591945663,YES,0.94,830,SELL,0.84,0.85
1771591945663,YES,0.83,15,BUY,0.84,0.85
1771591945663,NO,0.17,15,SELL,0.15,0.16
1771591945665,NO,0.14,91,BUY,0.15,0.16
1771591945665,YES,0.86,91,SELL,0.84,0.85
1771591945665,NO,0.16,0,BUY,0.14,0.16
1771591945665,YES,0.84,0,SELL,0.84,0.86
1771591945665,NO,0.15,0,BUY,0.14,0.16
1771591945665,YES,0.85,0,SELL,0.84,0.86
1771591945665,NO,0.14,86,BUY,0.14,0.16
1771591945665,YES,0.86,86,SELL,0.84,0.86
1771591945666,NO,0.14,81,BUY,0.14,0.16
1771591945666,YES,0.86,81,SELL,0.84,0.86
1771591945666,YES,0.71,475.8,BUY,0.84,0.86
1771591945666,NO,0.29,475.8,SELL,0.14,0.16
1771591945667,YES,0.74,599,BUY,0.84,0.86
1771591945667,NO,0.26,599,SELL,0.14,0.16
1771591945668,YES,0.84,85,BUY,0.84,0.86
1771591945668,NO,0.16,85,SELL,0.14,0.16
1771591945669,YES,0.88,85,SELL,0.84,0.86
1771591945669,NO,0.12,85,BUY,0.14,0.16
1771591945669,YES,0.74,585,BUY,0.84,0.86
1771591945669,NO,0.26,585,SELL,0.14,0.16
1771591945671,YES,0.81,638,BUY,0.84,0.86
1771591945671,NO,0.19,638,SELL,0.14,0.16
1771591945674,NO,0.14,75,BUY,0.14,0.16
1771591945674,YES,0.86,75,SELL,0.84,0.86
1771591945675,YES,0.77,712.49,BUY,0.84,0.86
1771591945675,NO,0.23,712.49,SELL,0.14,0.16
1771591945677,YES,0.82,245,BUY,0.84,0.86
1771591945677,NO,0.18,245,SELL,0.14,0.16
1771591945678,YES,0.76,540,BUY,0.84,0.86
1771591945678,NO,0.24,540,SELL,0.14,0.16
1771591945679,YES,0.75,370.05,BUY,0.84,0.86
1771591945679,NO,0.25,370.05,SELL,0.14,0.16
1771591945681,YES,0.74,590,BUY,0.84,0.86
1771591945681,NO,0.26,590,SELL,0.14,0.16
1771591945709,YES,0.84,83,BUY,0.84,0.86
1771591945709,NO,0.16,83,SELL,0.14,0.16
1771591945710,YES,0.88,100,SELL,0.84,0.86
1771591945710,NO,0.12,100,BUY,0.14,0.16
1771591945711,YES,0.84,102.96,BUY,0.84,0.86
1771591945711,NO,0.16,102.96,SELL,0.14,0.16
1771591945712,YES,0.79,377.33,BUY,0.84,0.86
1771591945712,NO,0.21,377.33,SELL,0.14,0.16
1771591945714,NO,0.12,115,BUY,0.14,0.16
1771591945714,YES,0.88,115,SELL,0.84,0.86
1771591945715,YES,0.71,485.8,BUY,0.84,0.86
1771591945715,NO,0.29,485.8,SELL,0.14,0.16
1771591945733,YES,0.82,120.7,BUY,0.82,0.86
1771591945733,NO,0.18,120.7,SELL,0.14,0.18
1771591945733,YES,0.84,0,BUY,0.82,0.86
1771591945733,NO,0.16,0,SELL,0.14,0.18
1771591945733,YES,0.83,0,BUY,0.82,0.86
1771591945733,NO,0.17,0,SELL,0.14,0.18
1771591945736,NO,0.14,62.65,BUY,0.14,0.18
1771591945736,YES,0.86,62.65,SELL,0.82,0.86
1771591945738,YES,0.76,479,BUY,0.82,0.86
1771591945738,NO,0.24,479,SELL,0.14,0.18
1771591945739,NO,0.14,67.65,BUY,0.14,0.18
1771591945739,YES,0.86,67.65,SELL,0.82,0.86
1771591945740,YES,0.8,111.25,BUY,0.82,0.86
1771591945740,NO,0.2,111.25,SELL,0.14,0.18
1771591945741,NO,0.02,2748,BUY,0.14,0.18
1771591945741,YES,0.98,2748,SELL,0.82,0.86
1771591945742,YES,0.77,718.99,BUY,0.82,0.86
1771591945742,NO,0.23,718.99,SELL,0.14,0.18
1771591945743,YES,0.82,140.7,BUY,0.82,0.86
1771591945743,NO,0.18,140.7,SELL,0.14,0.18
1771591945744,NO,0.17,15,SELL,0.14,0.17
1771591945744,YES,0.83,15,BUY,0.83,0.86
1771591945745,YES,0.76,440,BUY,0.83,0.86
1771591945745,NO,0.24,440,SELL,0.14,0.17
1771591945746,NO,0.11,142.5,BUY,0.14,0.17
1771591945746,YES,0.89,142.5,SELL,0.83,0.86
1771591945747,YES,0.82,135.7,BUY,0.83,0.86
1771591945747,NO,0.18,135.7,SELL,0.14,0.17
1771591945749,YES,0.84,5,BUY,0.84,0.86
1771591945749,NO,0.16,5,SELL,0.14,0.16
1771591945750,NO,0.08,360.28,BUY,0.14,0.16
1771591945750,YES,0.92,360.28,SELL,0.84,0.86
1771591945751,YES,0.82,150.7,BUY,0.84,0.86
1771591945751,NO,0.18,150.7,SELL,0.14,0.16
1771591945752,NO,0.09,387.1,BUY,0.14,0.16
1771591945752,YES,0.91,387.1,SELL,0.84,0.86
1771591945753,YES,0.7,793,BUY,0.84,0.86
1771591945753,NO,0.3,793,SELL,0.14,0.16
1771591945754,YES,0.82,210.7,BUY,0.84,0.86
1771591945754,NO,0.18,210.7,SELL,0.14,0.16
1771591945755,NO,0.1,743.66,BUY,0.14,0.16
1771591945755,YES,0.9,743.66,SELL,0.84,0.86
1771591945755,NO,0.09,402.1,BUY,0.14,0.16
1771591945755,YES,0.91,402.1,SELL,0.84,0.86
1771591945756,NO,0.1,748.66,BUY,0.14,0.16
1771591945756,YES,0.9,748.66,SELL,0.84,0.86
1771591945757,YES,0.8,121.25,BUY,0.84,0.86
1771591945757,NO,0.2,121.25,SELL,0.14,0.16
1771591945758,NO,0.1,733.66,BUY,0.14,0.16
1771591945758,YES,0.9,733.66,SELL,0.84,0.86
1771591945759,NO,0.14,5,BUY,0.14,0.16
1771591945759,YES,0.86,5,SELL,0.84,0.86
1771591945759,YES,0.84,19,BUY,0.84,0.86
1771591945759,NO,0.16,19,SELL,0.14,0.16
1771591945761,YES,0.75,377.05,BUY,0.84,0.86
1771591945761,NO,0.25,377.05,SELL,0.14,0.16
1771591945762,NO,0.1,728.66,BUY,0.14,0.16
1771591945762,YES,0.9,728.66,SELL,0.84,0.86
1771591945762,NO,0.05,704,BUY,0.14,0.16
1771591945762,YES,0.95,704,SELL,0.84,0.86
1771591945763,YES,0.78,551,BUY,0.84,0.86
1771591945763,NO,0.22,551,SELL,0.14,0.16
1771591945764,YES,0.81,577,BUY,0.84,0.86
1771591945764,NO,0.19,577,SELL,0.14,0.16
1771591945765,YES,0.79,497.33,BUY,0.84,0.86
1771591945765,NO,0.21,497.33,SELL,0.14,0.16
1771591945766,YES,0.9,743.66,SELL,0.84,0.86
1771591945766,NO,0.1,743.66,BUY,0.14,0.16
1771591945767,YES,0.82,222.7,BUY,0.84,0.86
1771591945767,NO,0.18,222.7,SELL,0.14,0.16
1771591945768,NO,0.09,414.1,BUY,0.14,0.16
1771591945768,YES,0.91,414.1,SELL,0.84,0.86
1771591945769,YES,0.01,9017.12,BUY,0.84,0.86
1771591945769,NO,0.99,9017.12,SELL,0.14,0.16
1771591945770,YES,0.81,583.18,BUY,0.84,0.86
1771591945770,NO,0.19,583.18,SELL,0.14,0.16
1771591945771,YES,0.01,9022.7,BUY,0.84,0.86
1771591945771,NO,0.99,9022.7,SELL,0.14,0.16
1771591945772,YES,0.81,544.18,BUY,0.84,0.86
1771591945772,NO,0.19,544.18,SELL,0.14,0.16
1771591945773,YES,0.82,167,BUY,0.84,0.86
1771591945773,NO,0.18,167,SELL,0.14,0.16
1771591945774,YES,0.01,9027.78,BUY,0.84,0.86
1771591945774,NO,0.99,9027.78,SELL,0.14,0.16
1771591945775,NO,0.09,182.1,BUY,0.14,0.16
1771591945775,YES,0.91,182.1,SELL,0.84,0.86
1771591945776,YES,0.78,557.42,BUY,0.84,0.86
1771591945776,NO,0.22,557.42,SELL,0.14,0.16
1771591945778,NO,0.14,0,BUY,0.13,0.16
1771591945778,YES,0.86,0,SELL,0.84,0.87
1771591945779,NO,0.13,30,BUY,0.13,0.16
1771591945779,YES,0.87,30,SELL,0.84,0.87
1771591945779,NO,0.14,0,BUY,0.13,0.16
1771591945779,YES,0.86,0,SELL,0.84,0.87
1771591945780,YES,0.85,230,BUY,0.85,0.87
1771591945780,NO,0.15,230,SELL,0.13,0.15
1771591945781,NO,0.05,934,BUY,0.13,0.15
1771591945781,YES,0.95,934,SELL,0.85,0.87
1771591945842,YES,0.85,226.7,BUY,0.85,0.87
1771591945842,NO,0.15,226.7,SELL,0.13,0.15
1771591945844,YES,0.77,598.99,BUY,0.85,0.87
1771591945844,NO,0.23,598.99,SELL,0.13,0.15
1771591945844,NO,0.1,733.66,BUY,0.13,0.15
1771591945844,YES,0.9,733.66,SELL,0.85,0.87
1771591945845,NO,0.04,253,BUY,0.13,0.15
1771591945845,YES,0.96,253,SELL,0.85,0.87
1771591945846,NO,0.11,372.5,BUY,0.13,0.15
1771591945846,YES,0.89,372.5,SELL,0.85,0.87
1771591945847,NO,0.1,963.66,BUY,0.13,0.15
1771591945847,YES,0.9,963.66,SELL,0.85,0.87
1771591945847,YES,0.85,247.74,BUY,0.85,0.87
1771591945847,NO,0.15,247.74,SELL,0.13,0.15
1771591945848,NO,0.07,691.39,BUY,0.13,0.15
1771591945848,YES,0.93,691.39,SELL,0.85,0.87
1771591945849,YES,0.84,58,BUY,0.85,0.87
1771591945849,NO,0.16,58,SELL,0.13,0.15
1771591945850,YES,0.84,63,BUY,0.85,0.87
1771591945850,NO,0.16,63,SELL,0.13,0.15
1771591945851,YES,0.82,206,BUY,0.85,0.87
1771591945851,NO,0.18,206,SELL,0.13,0.15
1771591945852,YES,0.82,231,BUY,0.85,0.87
1771591945852,NO,0.18,231,SELL,0.13,0.15
1771591945855,NO,0.13,0,BUY,0.12,0.15
1771591945855,YES,0.87,0,SELL,0.85,0.88
1771591945857,YES,0.87,30,BUY,0.87,0.88
1771591945857,NO,0.13,30,SELL,0.12,0.13
1771591945858,YES,0.82,245,BUY,0.87,0.88
1771591945858,NO,0.18,245,SELL,0.12,0.13
1771591945859,NO,0.08,327,BUY,0.12,0.13
1771591945859,YES,0.92,327,SELL,0.87,0.88
1771591945860,YES,0.83,29,BUY,0.87,0.88
1771591945860,NO,0.17,29,SELL,0.12,0.13
1771591945860,NO,0.1,958.66,BUY,0.12,0.13
1771591945860,YES,0.9,958.66,SELL,0.87,0.88
1771591945861,YES,0.7,788,BUY,0.87,0.88
1771591945861,NO,0.3,788,SELL,0.12,0.13
1771591945862,NO,0.1,963.66,BUY,0.12,0.13
1771591945862,YES,0.9,963.66,SELL,0.87,0.88
1771591945863,NO,0.09,177.1,BUY,0.12,0.13
1771591945863,YES,0.91,177.1,SELL,0.87,0.88
1771591945864,YES,0.79,504.33,BUY,0.87,0.88
1771591945864,NO,0.21,504.33,SELL,0.12,0.13
1771591945865,YES,0.85,277.74,BUY,0.87,0.88
1771591945865,NO,0.15,277.74,SELL,0.12,0.13
1771591945867,YES,0.83,89,BUY,0.87,0.88
1771591945867,NO,0.17,89,SELL,0.12,0.13
1771591945868,YES,0.82,250,BUY,0.87,0.88
1771591945868,NO,0.18,250,SELL,0.12,0.13
1771591945869,YES,0.83,94,BUY,0.87,0.88
1771591945869,NO,0.17,94,SELL,0.12,0.13
1771591945870,YES,0.82,235,BUY,0.87,0.88
1771591945870,NO,0.18,235,SELL,0.12,0.13
1771591945872,NO,0.06,835,BUY,0.12,0.13
1771591945872,YES,0.94,835,SELL,0.87,0.88
1771591945872,YES,0.81,549.18,BUY,0.87,0.88
1771591945872,NO,0.19,549.18,SELL,0.12,0.13
1771591945874,NO,0.17,79,SELL,0.12,0.13
1771591945874,YES,0.83,79,BUY,0.87,0.88
1771591945874,NO,0.11,357.5,BUY,0.12,0.13
1771591945874,YES,0.89,357.5,SELL,0.87,0.88
1771591945875,YES,0.85,292.74,BUY,0.87,0.88
1771591945875,NO,0.15,292.74,SELL,0.12,0.13
1771591945876,NO,0.09,165.1,BUY,0.12,0.13
1771591945876,YES,0.91,165.1,SELL,0.87,0.88
1771591945877,YES,0.82,223,BUY,0.87,0.88
1771591945877,NO,0.18,223,SELL,0.12,0.13
1771591945878,YES,0.01,9021.9,BUY,0.87,0.88
1771591945878,NO,0.99,9021.9,SELL,0.12,0.13
1771591945879,NO,0.35,429,SELL,0.12,0.13
1771591945879,YES,0.65,429,BUY,0.87,0.88
1771591945880,YES,0.01,9016.32,BUY,0.87,0.88
1771591945880,NO,0.99,9016.32,SELL,0.12,0.13
1771591945881,YES,0.01,9011.24,BUY,0.87,0.88
1771591945881,NO,0.99,9011.24,SELL,0.12,0.13
1771591945883,NO,0.11,345,BUY,0.12,0.13
1771591945883,YES,0.89,345,SELL,0.87,0.88
1771591945901,NO,0.12,65,BUY,0.12,0.13
1771591945901,YES,0.88,65,SELL,0.87,0.88
1771591945903,YES,0.85,300.74,BUY,0.87,0.88
1771591945903,NO,0.15,300.74,SELL,0.12,0.13
1771591945906,NO,0.13,45,BUY,0.13,0.15
1771591945906,YES,0.87,45,SELL,0.85,0.87
1771591945906,YES,0.87,0,BUY,0.85,0.87
1771591945906,NO,0.13,0,SELL,0.13,0.15
1771591945908,NO,0.1,978.66,BUY,0.13,0.15
1771591945908,YES,0.9,978.66,SELL,0.85,0.87
1771591945909,YES,0.84,76,BUY,0.85,0.87
1771591945909,NO,0.16,76,SELL,0.13,0.15
1771591945910,NO,0.07,686.39,BUY,0.13,0.15
1771591945910,YES,0.93,686.39,SELL,0.85,0.87
1771591945910,YES,0.85,74.04,BUY,0.85,0.87
1771591945910,NO,0.15,74.04,SELL,0.13,0.15
1771591945911,YES,0.85,53,BUY,0.85,0.87
1771591945911,NO,0.15,53,SELL,0.13,0.15
1771591945912,NO,0.1,999.66,BUY,0.13,0.15
1771591945912,YES,0.9,999.66,SELL,0.85,0.87
1771591945913,YES,0.71,475.8,BUY,0.85,0.87
1771591945913,NO,0.29,475.8,SELL,0.13,0.15
1771591945914,NO,0.14,75,BUY,0.14,0.15
1771591945914,YES,0.86,75,SELL,0.85,0.86
1771591945915,NO,0.09,395.1,BUY,0.14,0.15
1771591945915,YES,0.91,395.1,SELL,0.85,0.86
1771591945916,YES,0.9,984.66,SELL,0.85,0.86
1771591945916,NO,0.1,984.66,BUY,0.14,0.15
1771591945916,YES,0.88,50,SELL,0.85,0.86
1771591945916,NO,0.12,50,BUY,0.14,0.15
1771591945917,YES,0.85,68,BUY,0.85,0.86
1771591945917,NO,0.15,68,SELL,0.14,0.15
1771591945918,YES,0.79,624.33,BUY,0.85,0.86
1771591945918,NO,0.21,624.33,SELL,0.14,0.15
1771591945919,YES,0.79,618,BUY,0.85,0.86
1771591945919,NO,0.21,618,SELL,0.14,0.15
1771591945922,NO,0.14,45,BUY,0.14,0.15
1771591945922,YES,0.86,45,SELL,0.85,0.86
1771591945923,YES,0.8,115,BUY,0.85,0.86
1771591945923,NO,0.2,115,SELL,0.14,0.15
1771591945924,YES,0.77,592.49,BUY,0.85,0.86
1771591945924,NO,0.23,592.49,SELL,0.14,0.15
1771591945925,NO,0.08,360.49,BUY,0.14,0.15
1771591945925,YES,0.92,360.49,SELL,0.85,0.86
1771591945926,YES,0.78,551,BUY,0.85,0.86
1771591945926,NO,0.22,551,SELL,0.14,0.15
1771591945927,NO,0.03,439.33,BUY,0.14,0.15
1771591945927,YES,0.97,439.33,SELL,0.85,0.86
1771591945927,YES,0.82,184,BUY,0.85,0.86
1771591945927,NO,0.18,184,SELL,0.14,0.15
1771591945930,YES,0.86,915,BUY,0.86,0.87
1771591945930,NO,0.14,915,SELL,0.13,0.14
1771591945930,NO,0.14,0,BUY,0.13,0.14
1771591945930,YES,0.86,0,SELL,0.86,0.87
1771591945931,YES,0.84,71,BUY,0.86,0.87
1771591945931,NO,0.16,71,SELL,0.13,0.14
1771591945933,YES,0.84,32,BUY,0.86,0.87
1771591945933,NO,0.16,32,SELL,0.13,0.14
1771591945934,YES,0.78,671,BUY,0.86,0.87
1771591945934,NO,0.22,671,SELL,0.13,0.14
1771591945935,NO,0.09,385.1,BUY,0.13,0.14
1771591945935,YES,0.91,385.1,SELL,0.86,0.87
1771591945936,NO,0.09,390.1,BUY,0.13,0.14
1771591945936,YES,0.91,390.1,SELL,0.86,0.87
1771591945937,YES,0.71,480.8,BUY,0.86,0.87
1771591945937,NO,0.29,480.8,SELL,0.13,0.14
1771591945938,YES,0.78,678,BUY,0.86,0.87
1771591945938,NO,0.22,678,SELL,0.13,0.14
1771591945939,NO,0.11,115,BUY,0.13,0.14
1771591945939,YES,0.89,115,SELL,0.86,0.87
1771591945939,NO,0.1,754.66,BUY,0.13,0.14
1771591945939,YES,0.9,754.66,SELL,0.86,0.87
1771591945940,YES,0.66,429,BUY,0.86,0.87
1771591945940,NO,0.34,429,SELL,0.13,0.14
1771591945944,YES,0.86,885,BUY,0.86,0.87
1771591945944,NO,0.14,885,SELL,0.13,0.14
1771591945946,NO,0.33,515.44,SELL,0.13,0.14
1771591945946,YES,0.67,515.44,BUY,0.86,0.87
1771591945948,YES,0.86,945,BUY,0.86,0.87
1771591945948,NO,0.14,945,SELL,0.13,0.14
1771591945948,YES,0.8,101,BUY,0.86,0.87
1771591945948,NO,0.2,101,SELL,0.13,0.14
1771591945949,YES,0.77,578.49,BUY,0.86,0.87
1771591945949,NO,0.23,578.49,SELL,0.13,0.14
1771591945950,NO,0.14,960,SELL,0.13,0.14
1771591945950,YES,0.86,960,BUY,0.86,0.87
1771591945951,NO,0.1,769.66,BUY,0.13,0.14
1771591945951,YES,0.9,769.66,SELL,0.86,0.87
1771591945952,NO,0.08,373.49,BUY,0.13,0.14
1771591945952,YES,0.92,373.49,SELL,0.86,0.87
1771591945953,YES,0.85,80,BUY,0.86,0.87
1771591945953,NO,0.15,80,SELL,0.13,0.14
1771591945956,NO,0.13,15,BUY,0.13,0.14
1771591945956,YES,0.87,15,SELL,0.86,0.87
1771591945960,YES,0.86,945,BUY,0.86,0.87
1771591945960,NO,0.14,945,SELL,0.13,0.14
1771591945962,YES,0.84,51.96,BUY,0.86,0.87
1771591945962,NO,0.16,51.96,SELL,0.13,0.14
1771591945962,NO,0.05,929,BUY,0.13,0.14
1771591945962,YES,0.95,929,SELL,0.86,0.87
1771591945963,NO,0.1,748.66,BUY,0.13,0.14
1771591945963,YES,0.9,748.66,SELL,0.86,0.87
1771591945966,YES,0.86,930,BUY,0.86,0.87
1771591945966,NO,0.14,930,SELL,0.13,0.14
1771591945968,NO,0.1,733.66,BUY,0.13,0.14
1771591945968,YES,0.9,733.66,SELL,0.86,0.87
1771591945969,NO,0.01,8066.42,BUY,0.13,0.14
1771591945969,YES,0.99,8066.42,SELL,0.86,0.87
1771591945969,YES,0.85,65,BUY,0.86,0.87
1771591945969,NO,0.15,65,SELL,0.13,0.14
1771591945970,YES,0.79,738,BUY,0.86,0.87
1771591945970,NO,0.21,738,SELL,0.13,0.14
1771591945972,YES,0.78,798,BUY,0.86,0.87
1771591945972,NO,0.22,798,SELL,0.13,0.14
1771591945973,YES,0.84,38.96,BUY,0.86,0.87
1771591945973,NO,0.16,38.96,SELL,0.13,0.14
1771591945974,YES,0.86,1110,BUY,0.86,0.87
1771591945974,NO,0.14,1110,SELL,0.13,0.14
1771591945975,NO,0.09,395.1,BUY,0.13,0.14
1771591945975,YES,0.91,395.1,SELL,0.86,0.87
1771591945976,NO,0.07,691.39,BUY,0.13,0.14
1771591945976,YES,0.93,691.39,SELL,0.86,0.87
1771591945977,YES,0.88,65,SELL,0.86,0.87
1771591945977,NO,0.12,65,BUY,0.13,0.14
1771591945978,YES,0.8,107.25,BUY,0.86,0.87
1771591945978,NO,0.2,107.25,SELL,0.13,0.14
1771591945979,YES,0.88,80,SELL,0.86,0.87
1771591945979,NO,0.12,80,BUY,0.13,0.14
1771591945980,YES,0.81,555.36,BUY,0.86,0.87
1771591945980,NO,0.19,555.36,SELL,0.13,0.14
1771591945981,YES,0.78,804.42,BUY,0.86,0.87
1771591945981,NO,0.22,804.42,SELL,0.13,0.14
1771591945982,NO,0.08,340,BUY,0.13,0.14
1771591945982,YES,0.92,340,SELL,0.86,0.87
1771591945982,NO,0.12,95,BUY,0.13,0.14
1771591945982,YES,0.88,95,SELL,0.86,0.87
1771591945983,YES,0.77,583.49,BUY,0.86,0.87
1771591945983,NO,0.23,583.49,SELL,0.13,0.14
1771591945984,YES,0.79,744.33,BUY,0.86,0.87
1771591945984,NO,0.21,744.33,SELL,0.13,0.14
1771591945985,NO,0.06,815,BUY,0.13,0.14
1771591945985,YES,0.94,815,SELL,0.86,0.87
1771591945986,NO,0.08,108,BUY,0.13,0.14
1771591945986,YES,0.92,108,SELL,0.86,0.87
1771591945986,NO,0.13,0,BUY,0.12,0.14
1771591945986,YES,0.87,0,SELL,0.86,0.88
1771591945986,YES,0.77,578.49,BUY,0.86,0.88
1771591945986,NO,0.23,578.49,SELL,0.12,0.14
1771591945995,YES,0.86,1101.42,BUY,0.86,0.88
1771591945995,NO,0.14,1101.42,SELL,0.12,0.14
1771591945996,YES,0.86,1115.42,BUY,0.86,0.88
1771591945996,NO,0.14,1115.42,SELL,0.12,0.14
1771591945997,NO,0.08,95,BUY,0.12,0.14
1771591945997,YES,0.92,95,SELL,0.86,0.88
1771591945998,NO,0.04,483,BUY,0.12,0.14
1771591945998,YES,0.96,483,SELL,0.86,0.88
1771591945999,YES,0.71,475.8,BUY,0.86,0.88
1771591945999,NO,0.29,475.8,SELL,0.12,0.14
1771591945999,NO,0.06,810,BUY,0.12,0.14
1771591945999,YES,0.94,810,SELL,0.86,0.88
1771591946000,NO,0.09,390.1,BUY,0.12,0.14
1771591946000,YES,0.91,390.1,SELL,0.86,0.88
1771591946001,YES,0.86,1345.42,BUY,0.86,0.88
1771591946001,NO,0.14,1345.42,SELL,0.12,0.14
1771591946003,YES,0.84,53.96,BUY,0.86,0.88
1771591946003,NO,0.16,53.96,SELL,0.12,0.14
1771591946004,YES,0.84,34,BUY,0.86,0.88
1771591946004,NO,0.16,34,SELL,0.12,0.14
1771591946006,YES,0.8,102.25,BUY,0.86,0.88
1771591946006,NO,0.2,102.25,SELL,0.12,0.14
1771591946010,NO,0.05,934,BUY,0.12,0.14
1771591946010,YES,0.95,934,SELL,0.86,0.88
1771591946010,NO,0.07,724.88,BUY,0.12,0.14
1771591946010,YES,0.93,724.88,SELL,0.86,0.88
1771591946011,YES,0.86,1350.42,BUY,0.86,0.88
1771591946011,NO,0.14,1350.42,SELL,0.12,0.14
1771591946012,YES,0.85,70,BUY,0.86,0.88
1771591946012,NO,0.15,70,SELL,0.12,0.14
1771591946018,NO,0.09,160.1,BUY,0.12,0.14
1771591946018,YES,0.91,160.1,SELL,0.86,0.88
1771591946020,NO,0.08,85,BUY,0.12,0.14
1771591946020,YES,0.92,85,SELL,0.86,0.88
1771591946022,NO,0.07,694.88,BUY,0.12,0.14
1771591946022,YES,0.93,694.88,SELL,0.86,0.88
1771591946028,NO,0.08,80,BUY,0.12,0.14
1771591946028,YES,0.92,80,SELL,0.86,0.88
1771591946029,NO,0.12,80,BUY,0.12,0.14
1771591946029,YES,0.88,80,SELL,0.86,0.88
1771591946030,NO,0.1,718.66,BUY,0.12,0.14
1771591946030,YES,0.9,718.66,SELL,0.86,0.88
1771591946030,NO,0.14,1335.42,SELL,0.12,0.14
1771591946030,YES,0.86,1335.42,BUY,0.86,0.88
1771591946034,NO,0.12,0,BUY,0.11,0.14
1771591946034,YES,0.88,0,SELL,0.86,0.89
1771591946034,YES,0.88,0,SELL,0.86,0.89
1771591946034,NO,0.12,0,BUY,0.11,0.14
1771591946036,NO,0.08,85,BUY,0.11,0.14
1771591946036,YES,0.92,85,SELL,0.86,0.89
1771591946037,NO,0.07,709.88,BUY,0.11,0.14
1771591946037,YES,0.93,709.88,SELL,0.86,0.89
1771591946037,YES,0.86,1347.42,BUY,0.86,0.89
1771591946037,NO,0.14,1347.42,SELL,0.11,0.14
1771591946039,NO,0.07,676.39,BUY,0.11,0.14
1771591946039,YES,0.93,676.39,SELL,0.86,0.89
1771591946043,NO,0.05,944,BUY,0.11,0.14
1771591946043,YES,0.95,944,SELL,0.86,0.89
1771591946046,YES,0.82,179,BUY,0.86,0.89
1771591946046,NO,0.18,179,SELL,0.11,0.14
1771591946048,YES,0.72,462,BUY,0.86,0.89
1771591946048,NO,0.28,462,SELL,0.11,0.14
1771591946049,NO,0.06,780,BUY,0.11,0.14
1771591946049,YES,0.94,780,SELL,0.86,0.89
1771591946052,YES,0.86,1369.7,BUY,0.86,0.89
1771591946052,NO,0.14,1369.7,SELL,0.11,0.14
1771591946056,NO,0.04,478,BUY,0.11,0.14
1771591946056,YES,0.96,478,SELL,0.86,0.89
1771591946056,YES,0.74,530,BUY,0.86,0.89
1771591946056,NO,0.26,530,SELL,0.11,0.14
1771591946058,NO,0.1,739.66,BUY,0.11,0.14
1771591946058,YES,0.9,739.66,SELL,0.86,0.89
1771591946058,NO,0.08,90,BUY,0.11,0.14
1771591946058,YES,0.92,90,SELL,0.86,0.89
1771591946059,NO,0.06,785,BUY,0.11,0.14
1771591946059,YES,0.94,785,SELL,0.86,0.89
1771591946060,YES,0.84,64,BUY,0.86,0.89
1771591946060,NO,0.16,64,SELL,0.11,0.14
1771591946061,YES,0.82,165,BUY,0.86,0.89
1771591946061,NO,0.18,165,SELL,0.11,0.14
1771591946062,NO,0.11,130,BUY,0.11,0.14
1771591946062,YES,0.89,130,SELL,0.86,0.89
1771591946063,YES,0.86,1189.7,BUY,0.86,0.89
1771591946063,NO,0.14,1189.7,SELL,0.11,0.14
1771591946064,NO,0.12,19,BUY,0.12,0.14
1771591946064,YES,0.88,19,SELL,0.86,0.88
1771591946064,YES,0.86,343.28,BUY,0.86,0.88
1771591946064,NO,0.14,343.28,SELL,0.12,0.14
1771591946066,NO,0.1,754.66,BUY,0.12,0.14
1771591946066,YES,0.9,754.66,SELL,0.86,0.88
1771591946069,YES,0.84,94,BUY,0.86,0.88
1771591946069,NO,0.16,94,SELL,0.12,0.14
1771591946070,NO,0.07,706.39,BUY,0.12,0.14
1771591946070,YES,0.93,706.39,SELL,0.86,0.88
1771591946072,NO,0.12,34,BUY,0.12,0.14
1771591946072,YES,0.88,34,SELL,0.86,0.88
1771591946073,YES,0.78,798,BUY,0.86,0.88
1771591946073,NO,0.22,798,SELL,0.12,0.14
1771591946074,NO,0.16,109,SELL,0.12,0.14
1771591946074,YES,0.84,109,BUY,0.86,0.88
1771591946075,YES,0.68,446,BUY,0.86,0.88
1771591946075,NO,0.32,446,SELL,0.12,0.14
1771591946077,NO,0.07,739.88,BUY,0.12,0.14
1771591946077,YES,0.93,739.88,SELL,0.86,0.88
1771591946078,NO,0.06,755,BUY,0.12,0.14
1771591946078,YES,0.94,755,SELL,0.86,0.88
1771591946078,YES,0.81,549.18,BUY,0.86,0.88
1771591946078,NO,0.19,549.18,SELL,0.12,0.14
1771591946079,YES,0.84,94,BUY,0.86,0.88
1771591946079,NO,0.16,94,SELL,0.12,0.14
1771591946080,YES,0.8,96,BUY,0.86,0.88
1771591946080,NO,0.2,96,SELL,0.12,0.14
1771591946081,YES,0.85,55,BUY,0.86,0.88
1771591946081,NO,0.15,55,SELL,0.12,0.14
1771591946083,YES,0.78,898,BUY,0.86,0.88
1771591946083,NO,0.22,898,SELL,0.12,0.14
1771591946084,YES,0.8,196,BUY,0.86,0.88
1771591946084,NO,0.2,196,SELL,0.12,0.14
1771591946085,YES,0.79,844.33,BUY,0.86,0.88
1771591946085,NO,0.21,844.33,SELL,0.12,0.14
1771591946086,YES,0.77,678.49,BUY,0.86,0.88
1771591946086,NO,0.23,678.49,SELL,0.12,0.14
1771591946088,NO,0.06,775,BUY,0.12,0.14
1771591946088,YES,0.94,775,SELL,0.86,0.88
1771591946088,NO,0.1,733.66,BUY,0.12,0.14
1771591946088,YES,0.9,733.66,SELL,0.86,0.88
1771591946089,NO,0.1,728.66,BUY,0.12,0.14
1771591946089,YES,0.9,728.66,SELL,0.86,0.88
1771591946089,YES,0.86,331.28,BUY,0.86,0.88
1771591946089,NO,0.14,331.28,SELL,0.12,0.14
1771591946090,YES,0.87,30,BUY,0.87,0.88
1771591946090,NO,0.13,30,SELL,0.12,0.13
1771591946091,NO,0.1,713.66,BUY,0.12,0.13
1771591946091,YES,0.9,713.66,SELL,0.87,0.88
1771591946102,NO,0.11,127.19,BUY,0.11,0.13
1771591946102,YES,0.89,127.19,SELL,0.87,0.89
1771591946102,NO,0.12,0,BUY,0.11,0.13
1771591946102,YES,0.88,0,SELL,0.87,0.89
1771591946103,YES,0.78,778,BUY,0.87,0.89
1771591946103,NO,0.22,778,SELL,0.11,0.13
1771591946104,YES,0.88,15,SELL,0.87,0.88
1771591946104,NO,0.12,15,BUY,0.12,0.13
1771591946105,NO,0.11,148.19,BUY,0.12,0.13
1771591946105,YES,0.89,148.19,SELL,0.87,0.88
1771591946106,YES,0.85,50,BUY,0.87,0.88
1771591946106,NO,0.15,50,SELL,0.12,0.13
1771591946109,NO,0.13,45,BUY,0.13,0.14
1771591946109,YES,0.87,45,SELL,0.86,0.87
1771591946109,YES,0.87,0,BUY,0.86,0.87
1771591946109,NO,0.13,0,SELL,0.13,0.14
1771591946111,YES,0.81,543,BUY,0.86,0.87
1771591946111,NO,0.19,543,SELL,0.13,0.14
1771591946112,YES,0.86,336.28,BUY,0.86,0.87
1771591946112,NO,0.14,336.28,SELL,0.13,0.14
1771591946113,NO,0.07,706.39,BUY,0.13,0.14
1771591946113,YES,0.93,706.39,SELL,0.86,0.87
1771591946114,YES,0.77,684.99,BUY,0.86,0.87
1771591946114,NO,0.23,684.99,SELL,0.13,0.14
1771591946115,NO,0.04,483,BUY,0.13,0.14
1771591946115,YES,0.96,483,SELL,0.86,0.87
1771591946115,YES,0.79,838,BUY,0.86,0.87
1771591946115,NO,0.21,838,SELL,0.13,0.14
1771591946117,YES,0.74,536.76,BUY,0.86,0.87
1771591946117,NO,0.26,536.76,SELL,0.13,0.14
1771591946118,YES,0.72,457,BUY,0.86,0.87
1771591946118,NO,0.28,457,SELL,0.13,0.14
1771591946119,NO,0.08,85,BUY,0.13,0.14
1771591946119,YES,0.92,85,SELL,0.86,0.87
1771591946119,YES,0.76,446.58,BUY,0.86,0.87
1771591946119,NO,0.24,446.58,SELL,0.13,0.14
1771591946121,YES,0.84,109,BUY,0.86,0.87
1771591946121,NO,0.16,109,SELL,0.13,0.14
1771591946122,NO,0.03,434.33,BUY,0.13,0.14
1771591946122,YES,0.97,434.33,SELL,0.86,0.87
1771591946152,NO,0.13,43.65,BUY,0.13,0.14
1771591946152,YES,0.87,43.65,SELL,0.86,0.87
1771591946154,YES,0.83,94,BUY,0.86,0.87
1771591946154,NO,0.17,94,SELL,0.13,0.14
1771591946158,NO,0.13,41.35,BUY,0.13,0.14
1771591946158,YES,0.87,41.35,SELL,0.86,0.87
1771591946159,YES,0.86,348.28,BUY,0.86,0.87
1771591946159,NO,0.14,348.28,SELL,0.13,0.14
1771591946161,YES,0.01,9016.29,BUY,0.86,0.87
1771591946161,NO,0.99,9016.29,SELL,0.13,0.14
1771591946162,YES,0.8,96,BUY,0.86,0.87
1771591946162,NO,0.2,96,SELL,0.13,0.14
1771591946163,NO,0.08,118.49,BUY,0.13,0.14
1771591946163,YES,0.92,118.49,SELL,0.86,0.87
1771591946167,YES,0.86,333.28,BUY,0.86,0.87
1771591946167,NO,0.14,333.28,SELL,0.13,0.14
1771591946169,NO,0.1,736.66,BUY,0.13,0.14
1771591946169,YES,0.9,736.66,SELL,0.86,0.87
1771591946172,NO,0.13,0,BUY,0.11,0.14
1771591946172,YES,0.87,0,SELL,0.86,0.89
1771591946172,YES,0.88,0,SELL,0.86,0.89
1771591946172,NO,0.12,0,BUY,0.11,0.14
1771591946173,YES,0.87,15,SELL,0.86,0.87
1771591946173,NO,0.13,15,BUY,0.13,0.14
1771591946174,NO,0.09,155.1,BUY,0.13,0.14
1771591946174,YES,0.91,155.1,SELL,0.86,0.87
1771591946175,YES,0.73,442,BUY,0.86,0.87
1771591946175,NO,0.27,442,SELL,0.13,0.14
1771591946176,NO,0.26,506.76,SELL,0.13,0.14
1771591946176,YES,0.74,506.76,BUY,0.86,0.87
1771591946177,YES,0.01,9022.15,BUY,0.86,0.87
1771591946177,NO,0.99,9022.15,SELL,0.13,0.14
1771591946178,YES,0.78,784.42,BUY,0.86,0.87
1771591946178,NO,0.22,784.42,SELL,0.13,0.14
1771591946179,NO,0.07,711.39,BUY,0.13,0.14
1771591946179,YES,0.93,711.39,SELL,0.86,0.87
1771591946181,YES,0.87,9.25,SELL,0.86,0.87
1771591946181,NO,0.13,9.25,BUY,0.13,0.14
1771591946183,NO,0.06,755,BUY,0.13,0.14
1771591946183,YES,0.94,755,SELL,0.86,0.87
1771591946184,YES,0.75,383.72,BUY,0.86,0.87
1771591946184,NO,0.25,383.72,SELL,0.13,0.14
1771591946185,NO,0.03,439.33,BUY,0.13,0.14
1771591946185,YES,0.97,439.33,SELL,0.86,0.87
1771591946185,YES,0.86,103.28,BUY,0.86,0.87
1771591946185,NO,0.14,103.28,SELL,0.13,0.14
1771591946187,NO,0.1,757.66,BUY,0.13,0.14
1771591946187,YES,0.9,757.66,SELL,0.86,0.87
1771591946187,YES,0.85,280,BUY,0.86,0.87
1771591946187,NO,0.15,280,SELL,0.13,0.14
1771591946189,NO,0.1,772.66,BUY,0.13,0.14
1771591946189,YES,0.9,772.66,SELL,0.86,0.87
1771591946189,NO,0.06,735,BUY,0.13,0.14
1771591946189,YES,0.94,735,SELL,0.86,0.87
1771591946190,NO,0.11,133.19,BUY,0.13,0.14
1771591946190,YES,0.89,133.19,SELL,0.86,0.87
1771591946190,NO,0.16,94,SELL,0.13,0.14
1771591946190,YES,0.84,94,BUY,0.86,0.87
1771591946191,YES,0.75,393.72,BUY,0.86,0.87
1771591946191,NO,0.25,393.72,SELL,0.13,0.14
1771591946192,NO,0.08,348.49,BUY,0.13,0.14
1771591946192,YES,0.92,348.49,SELL,0.86,0.87
1771591946193,YES,0.86,81,BUY,0.86,0.87
1771591946193,NO,0.14,81,SELL,0.13,0.14
1771591946194,YES,0.8,91,BUY,0.86,0.87
1771591946194,NO,0.2,91,SELL,0.13,0.14
1771591946198,YES,0.86,59,BUY,0.86,0.87
1771591946198,NO,0.14,59,SELL,0.13,0.14
1771591946199,YES,0.86,47,BUY,0.86,0.87
1771591946199,NO,0.14,47,SELL,0.13,0.14
1771591946200,NO,0.08,315,BUY,0.13,0.14
1771591946200,YES,0.92,315,SELL,0.86,0.87
1771591946202,NO,0.07,706.39,BUY,0.13,0.14
1771591946202,YES,0.93,706.39,SELL,0.86,0.87
1771591946203,YES,0.04,148,BUY,0.86,0.87
1771591946203,NO,0.96,148,SELL,0.13,0.14
1771591946205,YES,0.86,55,BUY,0.86,0.87
1771591946205,NO,0.14,55,SELL,0.13,0.14
1771591946207,YES,0.83,79,BUY,0.86,0.87
1771591946207,NO,0.17,79,SELL,0.13,0.14
1771591946208,NO,0.13,24.25,BUY,0.13,0.14
1771591946208,YES,0.87,24.25,SELL,0.86,0.87
1771591946212,NO,0.09,160.1,BUY,0.13,0.14
1771591946212,YES,0.91,160.1,SELL,0.86,0.87
1771591946213,YES,0.84,79,BUY,0.86,0.87
1771591946213,NO,0.16,79,SELL,0.13,0.14
1771591946214,YES,0.01,9017.1,BUY,0.86,0.87
1771591946214,NO,0.99,9017.1,SELL,0.13,0.14
1771591946215,NO,0.1,757.66,BUY,0.13,0.14
1771591946215,YES,0.9,757.66,SELL,0.86,0.87
1771591946216,YES,0.73,437,BUY,0.86,0.87
1771591946216,NO,0.27,437,SELL,0.13,0.14
1771591946217,NO,0.07,701.39,BUY,0.13,0.14
1771591946217,YES,0.93,701.39,SELL,0.86,0.87
1771591946219,YES,0.85,301.04,BUY,0.86,0.87
1771591946219,NO,0.15,301.04,SELL,0.13,0.14
1771591946222,YES,0.8,81,BUY,0.86,0.87
1771591946222,NO,0.2,81,SELL,0.13,0.14
1771591946223,YES,0.9,772.66,SELL,0.86,0.87
1771591946223,NO,0.1,772.66,BUY,0.13,0.14
1771591946224,YES,0.77,678.49,BUY,0.86,0.87
1771591946224,NO,0.23,678.49,SELL,0.13,0.14
1771591946226,NO,0.08,348.49,BUY,0.13,0.14
1771591946226,YES,0.92,348.49,SELL,0.86,0.87
1771591946226,YES,0.74,500,BUY,0.86,0.87
1771591946226,NO,0.26,500,SELL,0.13,0.14
1771591946227,NO,0.02,2753,BUY,0.13,0.14
1771591946227,YES,0.98,2753,SELL,0.86,0.87
1771591946228,NO,0.01,8071.42,BUY,0.13,0.14
1771591946228,YES,0.99,8071.42,SELL,0.86,0.87
1771591946229,NO,0.1,787.66,BUY,0.13,0.14
1771591946229,YES,0.9,787.66,SELL,0.86,0.87
1771591946230,NO,0.1,766.66,BUY,0.13,0.14
1771591946230,YES,0.9,766.66,SELL,0.86,0.87
1771591946230,NO,0.15,316.04,SELL,0.13,0.14
1771591946230,YES,0.85,316.04,BUY,0.86,0.87
1771591946232,YES,0.78,778,BUY,0.86,0.87
1771591946232,NO,0.22,778,SELL,0.13,0.14
1771591946233,NO,0.05,939,BUY,0.13,0.14
1771591946233,YES,0.95,939,SELL,0.86,0.87
1771591946233,NO,0.08,118.49,BUY,0.13,0.14
1771591946233,YES,0.92,118.49,SELL,0.86,0.87
1771591946233,NO,0.01,8066.42,BUY,0.13,0.14
1771591946233,YES,0.99,8066.42,SELL,0.86,0.87
1771591946234,YES,0.68,436,BUY,0.86,0.87
1771591946234,NO,0.32,436,SELL,0.13,0.14
1771591946237,YES,0.87,15,SELL,0.86,0.87
1771591946237,NO,0.13,15,BUY,0.13,0.14
1771591946238,YES,0.76,440,BUY,0.86,0.87
1771591946238,NO,0.24,440,SELL,0.13,0.14
1771591946239,YES,0.86,60,BUY,0.86,0.87
1771591946239,NO,0.14,60,SELL,0.13,0.14
1771591946240,YES,0.75,387.05,BUY,0.86,0.87
1771591946240,NO,0.25,387.05,SELL,0.13,0.14
1771591946241,YES,0.86,290,BUY,0.86,0.87
1771591946241,NO,0.14,290,SELL,0.13,0.14
1771591946242,NO,0.07,471.39,BUY,0.13,0.14
1771591946242,YES,0.93,471.39,SELL,0.86,0.87
1771591946243,NO,0.11,58.19,BUY,0.13,0.14
1771591946243,YES,0.89,58.19,SELL,0.86,0.87
1771591946244,YES,0.84,94,BUY,0.86,0.87
1771591946244,NO,0.16,94,SELL,0.13,0.14
1771591946247,YES,0.87,45,BUY,0.87,0.89
1771591946247,NO,0.13,45,SELL,0.11,0.13
1771591946247,NO,0.13,0,BUY,0.11,0.13
1771591946247,YES,0.87,0,SELL,0.87,0.89
1771591946249,YES,0.86,302,BUY,0.87,0.89
1771591946249,NO,0.14,302,SELL,0.11,0.13
1771591946250,YES,0.85,331.04,BUY,0.87,0.89
1771591946250,NO,0.15,331.04,SELL,0.11,0.13
1771591946251,NO,0.05,944,BUY,0.11,0.13
1771591946251,YES,0.95,944,SELL,0.87,0.89
1771591946252,YES,0.85,310,BUY,0.87,0.89
1771591946252,NO,0.15,310,SELL,0.11,0.13
1771591946253,YES,0.79,844.33,BUY,0.87,0.89
1771591946253,NO,0.21,844.33,SELL,0.11,0.13
1771591946254,NO,0.08,85,BUY,0.11,0.13
1771591946254,YES,0.92,85,SELL,0.87,0.89
1771591946254,NO,0.02,2748,BUY,0.11,0.13
1771591946254,YES,0.98,2748,SELL,0.87,0.89
1771591946255,NO,0.12,75,BUY,0.12,0.13
1771591946255,YES,0.88,75,SELL,0.87,0.88
1771591946255,YES,0.86,265,BUY,0.87,0.88
1771591946255,NO,0.14,265,SELL,0.12,0.13
1771591946256,YES,0.75,392.05,BUY,0.87,0.88
1771591946256,NO,0.25,392.05,SELL,0.12,0.13
1771591946257,YES,0.79,837.33,BUY,0.87,0.88
1771591946257,NO,0.21,837.33,SELL,0.12,0.13
1771591946259,NO,0.03,669.33,BUY,0.12,0.13
1771591946259,YES,0.97,669.33,SELL,0.87,0.88
1771591946259,NO,0.15,295,SELL,0.12,0.13
1771591946259,YES,0.85,295,BUY,0.87,0.88
1771591946260,YES,0.87,275,BUY,0.87,0.88
1771591946260,NO,0.13,275,SELL,0.12,0.13
1771591946261,NO,0.04,333,BUY,0.12,0.13
1771591946261,YES,0.96,333,SELL,0.87,0.88
1771591946263,NO,0.07,476.39,BUY,0.12,0.13
1771591946263,YES,0.93,476.39,SELL,0.87,0.88
1771591946263,NO,0.05,949,BUY,0.12,0.13
1771591946263,YES,0.95,949,SELL,0.87,0.88
1771591946264,YES,0.74,494,BUY,0.87,0.88
1771591946264,NO,0.26,494,SELL,0.12,0.13
1771591946266,NO,0.05,939,BUY,0.12,0.13
1771591946266,YES,0.95,939,SELL,0.87,0.88
1771591946267,NO,0.33,504.87,SELL,0.12,0.13
1771591946267,YES,0.67,504.87,BUY,0.87,0.88
1771591946274,YES,0.83,109,BUY,0.87,0.88
1771591946274,NO,0.17,109,SELL,0.12,0.13
1771591946276,YES,0.8,87.25,BUY,0.87,0.88
1771591946276,NO,0.2,87.25,SELL,0.12,0.13
1771591946277,YES,0.86,304,BUY,0.87,0.88
1771591946277,NO,0.14,304,SELL,0.12,0.13
1771591946278,YES,0.86,326.28,BUY,0.87,0.88
1771591946278,NO,0.14,326.28,SELL,0.12,0.13
1771591946279,YES,0.88,90,SELL,0.87,0.88
1771591946279,NO,0.12,90,BUY,0.12,0.13
1771591946286,YES,0.88,84.31,SELL,0.87,0.88
1771591946286,NO,0.12,84.31,BUY,0.12,0.13
1771591946288,YES,0.78,784.42,BUY,0.87,0.88
1771591946288,NO,0.22,784.42,SELL,0.12,0.13
1771591946288,YES,0.78,777.42,BUY,0.87,0.88
1771591946288,NO,0.22,777.42,SELL,0.12,0.13
1771591946290,YES,0.86,387.28,BUY,0.87,0.88
1771591946290,NO,0.14,387.28,SELL,0.12,0.13
1771591946291,YES,0.76,446.58,BUY,0.87,0.88
1771591946291,NO,0.24,446.58,SELL,0.12,0.13
1771591946292,NO,0.08,118.49,BUY,0.12,0.13
1771591946292,YES,0.92,118.49,SELL,0.87,0.88
1771591946293,YES,0.87,336,BUY,0.87,0.88
1771591946293,NO,0.13,336,SELL,0.12,0.13
1771591946294,YES,0.85,265,BUY,0.87,0.88
1771591946294,NO,0.15,265,SELL,0.12,0.13
1771591946295,NO,0.07,446.39,BUY,0.12,0.13
1771591946295,YES,0.93,446.39,SELL,0.87,0.88
1771591946297,NO,0.29,487.13,SELL,0.12,0.13
1771591946297,YES,0.71,487.13,BUY,0.87,0.88
1771591946298,YES,0.79,717.33,BUY,0.87,0.88
1771591946298,NO,0.21,717.33,SELL,0.12,0.13
1771591946299,NO,0.16,109,SELL,0.12,0.13
1771591946299,YES,0.84,109,BUY,0.87,0.88
1771591946300,NO,0.12,99.31,BUY,0.12,0.13
1771591946300,YES,0.88,99.31,SELL,0.87,0.88
1771591946301,YES,0.87,375,BUY,0.87,0.88
1771591946301,NO,0.13,375,SELL,0.12,0.13
1771591946301,NO,0.06,705,BUY,0.12,0.13
1771591946301,YES,0.94,705,SELL,0.87,0.88
1771591946302,YES,0.78,657.42,BUY,0.87,0.88
1771591946302,NO,0.22,657.42,SELL,0.12,0.13
1771591946303,YES,0.77,684.99,BUY,0.87,0.88
1771591946303,NO,0.23,684.99,SELL,0.12,0.13
1771591946304,YES,0.86,400.28,BUY,0.87,0.88
1771591946304,NO,0.14,400.28,SELL,0.12,0.13
1771591946305,YES,0.73,447,BUY,0.87,0.88
1771591946305,NO,0.27,447,SELL,0.12,0.13
1771591946306,YES,0.86,378,BUY,0.87,0.88
1771591946306,NO,0.14,378,SELL,0.12,0.13
1771591946308,NO,0.1,781.66,BUY,0.12,0.13
1771591946308,YES,0.9,781.66,SELL,0.87,0.88
1771591946308,NO,0.1,802.66,BUY,0.12,0.13
1771591946308,YES,0.9,802.66,SELL,0.87,0.88
1771591946310,YES,0.81,538,BUY,0.87,0.88
1771591946310,NO,0.19,538,SELL,0.12,0.13
1771591946311,NO,0.06,700,BUY,0.12,0.13
1771591946311,YES,0.94,700,SELL,0.87,0.88
1771591946311,YES,0.84,139,BUY,0.87,0.88
1771591946311,NO,0.16,139,SELL,0.12,0.13
1771591946317,YES,0.87,353,BUY,0.87,0.88
1771591946317,NO,0.13,353,SELL,0.12,0.13
1771591946319,NO,0.06,705,BUY,0.12,0.13
1771591946319,YES,0.94,705,SELL,0.87,0.88
1771591946322,YES,0.76,456.58,BUY,0.87,0.88
1771591946322,NO,0.24,456.58,SELL,0.12,0.13
1771591946324,YES,0.85,272,BUY,0.87,0.88
1771591946324,NO,0.15,272,SELL,0.12,0.13
1771591946328,NO,0.07,451.39,BUY,0.12,0.13
1771591946328,YES,0.93,451.39,SELL,0.87,0.88
1771591946329,YES,0.87,369,BUY,0.87,0.88
1771591946329,NO,0.13,369,SELL,0.12,0.13
1771591946338,YES,0.85,293.04,BUY,0.87,0.88
1771591946338,NO,0.15,293.04,SELL,0.12,0.13
1771591946345,YES,0.85,63.04,BUY,0.87,0.88
1771591946345,NO,0.15,63.04,SELL,0.12,0.13
1771591946345,YES,0.86,148,BUY,0.87,0.88
1771591946345,NO,0.14,148,SELL,0.12,0.13
1771591946345,YES,0.87,139,BUY,0.87,0.88
1771591946345,NO,0.13,139,SELL,0.12,0.13
1771591946346,YES,0.87,94,BUY,0.87,0.88
1771591946346,NO,0.13,94,SELL,0.12,0.13
1771591946347,NO,0.1,781.66,BUY,0.12,0.13
1771591946347,YES,0.9,781.66,SELL,0.87,0.88
1771591946347,NO,0.1,766.66,BUY,0.12,0.13
1771591946347,YES,0.9,766.66,SELL,0.87,0.88
1771591946349,NO,0.05,944,BUY,0.12,0.13
1771591946349,YES,0.95,944,SELL,0.87,0.88
1771591946350,YES,0.82,170,BUY,0.87,0.88
1771591946350,NO,0.18,170,SELL,0.12,0.13
1771591946352,YES,0.86,87,BUY,0.87,0.88
1771591946352,NO,0.14,87,SELL,0.12,0.13
1771591946352,YES,0.87,33,BUY,0.87,0.88
1771591946352,NO,0.13,33,SELL,0.12,0.13
1771591946353,YES,0.9,751.66,SELL,0.87,0.88
1771591946353,NO,0.1,751.66,BUY,0.12,0.13
1771591946354,NO,0.11,133.19,BUY,0.12,0.13
1771591946354,YES,0.89,133.19,SELL,0.87,0.88
1771591946357,YES,0.77,624.99,BUY,0.87,0.88
1771591946357,NO,0.23,624.99,SELL,0.12,0.13
1771591946358,YES,0.84,148,BUY,0.87,0.88
1771591946358,NO,0.16,148,SELL,0.12,0.13
1771591946360,NO,0.08,348.49,BUY,0.12,0.13
1771591946360,YES,0.92,348.49,SELL,0.87,0.88
1771591946361,NO,0.07,681.39,BUY,0.12,0.13
1771591946361,YES,0.93,681.39,SELL,0.87,0.88
1771591946383,YES,0.86,82,BUY,0.87,0.88
1771591946383,NO,0.14,82,SELL,0.12,0.13
1771591946387,NO,0.05,939,BUY,0.12,0.13
1771591946387,YES,0.95,939,SELL,0.87,0.88
1771591946387,YES,0.75,387.05,BUY,0.87,0.88
1771591946387,NO,0.25,387.05,SELL,0.12,0.13
1771591946389,YES,0.89,148.19,SELL,0.87,0.88
1771591946389,NO,0.11,148.19,BUY,0.12,0.13
1771591946393,NO,0.12,89,BUY,0.12,0.13
1771591946393,YES,0.88,89,SELL,0.87,0.88
1771591946393,YES,0.88,89,SELL,0.87,0.88
1771591946393,NO,0.12,89,BUY,0.12,0.13
1771591946394,NO,0.08,1308.49,BUY,0.12,0.13
1771591946394,YES,0.92,1308.49,SELL,0.87,0.88
1771591946405,NO,0.16,133,SELL,0.12,0.13
1771591946405,YES,0.84,133,BUY,0.87,0.88
1771591946406,NO,0.12,75,BUY,0.12,0.13
1771591946406,YES,0.88,75,SELL,0.87,0.88
1771591946408,YES,0.84,118,BUY,0.87,0.88
1771591946408,NO,0.16,118,SELL,0.12,0.13
1771591946419,NO,0.04,338,BUY,0.12,0.13
1771591946419,YES,0.96,338,SELL,0.87,0.88
1771591946422,YES,0.76,461.58,BUY,0.87,0.88
1771591946422,NO,0.24,461.58,SELL,0.12,0.13
1771591946434,YES,0.83,118,BUY,0.87,0.88
1771591946434,NO,0.17,118,SELL,0.12,0.13
1771591946437,NO,0.12,0,BUY,0.11,0.13
1771591946437,YES,0.88,0,SELL,0.87,0.89
1771591946439,NO,0.1,766.66,BUY,0.11,0.13
1771591946439,YES,0.9,766.66,SELL,0.87,0.89
1771591946439,NO,0.1,787.66,BUY,0.11,0.13
1771591946439,YES,0.9,787.66,SELL,0.87,0.89
1771591946443,YES,0.86,43,BUY,0.87,0.89
1771591946443,NO,0.14,43,SELL,0.11,0.13
1771591946443,YES,0.87,16,BUY,0.87,0.89
1771591946443,NO,0.13,16,SELL,0.11,0.13
1771591946449,NO,0.08,348.49,BUY,0.11,0.13
1771591946449,YES,0.92,348.49,SELL,0.87,0.89
1771591946452,YES,0.85,78.04,BUY,0.87,0.89
1771591946452,NO,0.15,78.04,SELL,0.11,0.13
1771591946453,NO,0.11,163.19,BUY,0.11,0.13
1771591946453,YES,0.89,163.19,SELL,0.87,0.89
1771591946454,NO,0.15,93.04,SELL,0.11,0.13
1771591946454,YES,0.85,93.04,BUY,0.87,0.89
1771591946557,YES,0.77,634.99,BUY,0.87,0.89
1771591946557,NO,0.23,634.99,SELL,0.11,0.13
1771591946641,YES,0.83,88,BUY,0.87,0.89
1771591946641,NO,0.17,88,SELL,0.11,0.13
1771591946665,YES,0.84,104,BUY,0.87,0.89
1771591946665,NO,0.16,104,SELL,0.11,0.13
1771591946665,YES,0.83,74,BUY,0.87,0.89
1771591946665,NO,0.17,74,SELL,0.11,0.13
1771591946669,YES,0.88,7,BUY,0.88,0.89
1771591946669,NO,0.12,7,SELL,0.11,0.12
1771591946708,YES,0.85,23.04,BUY,0.85,0.89
1771591946708,NO,0.15,23.04,SELL,0.11,0.15
1771591946708,YES,0.88,0,BUY,0.85,0.89
1771591946708,NO,0.12,0,SELL,0.11,0.15
1771591946708,YES,0.87,0,BUY,0.85,0.89
1771591946708,NO,0.13,0,SELL,0.11,0.15
1771591946708,YES,0.86,0,BUY,0.85,0.89
1771591946708,NO,0.14,0,SELL,0.11,0.15
1771591946708,NO,0.15,23.04,SELL,0.11,0.15
1771591946708,YES,0.85,23.04,BUY,0.85,0.89
1771591946721,NO,0.1,772.66,BUY,0.11,0.15
1771591946721,YES,0.9,772.66,SELL,0.85,0.89
1771591946723,YES,0.76,455,BUY,0.85,0.89
1771591946723,NO,0.24,455,SELL,0.11,0.15
1771591946726,YES,0.89,148.19,SELL,0.85,0.89
1771591946726,NO,0.11,148.19,BUY,0.11,0.15
1771591946728,YES,0.53,492.98,BUY,0.85,0.89
1771591946728,NO,0.47,492.98,SELL,0.11,0.15
1771591946732,NO,0.1,751.66,BUY,0.11,0.15
1771591946732,YES,0.9,751.66,SELL,0.85,0.89
1771591946734,NO,0.08,315,BUY,0.11,0.15
1771591946734,YES,0.92,315,SELL,0.85,0.89
1771591946736,NO,0.13,75,BUY,0.13,0.15
1771591946736,YES,0.87,75,SELL,0.85,0.87
1771591946738,YES,0.79,597.33,BUY,0.85,0.87
1771591946738,NO,0.21,597.33,SELL,0.13,0.15
1771591946741,YES,0.81,402,BUY,0.85,0.87
1771591946741,NO,0.19,402,SELL,0.13,0.15
1771591946743,YES,0.79,477.33,BUY,0.85,0.87
1771591946743,NO,0.21,477.33,SELL,0.13,0.15
1771591946745,YES,0.85,21.04,BUY,0.85,0.87
1771591946745,NO,0.15,21.04,SELL,0.13,0.15
1771591946748,NO,0.08,325,BUY,0.13,0.15
1771591946748,YES,0.92,325,SELL,0.85,0.87
1771591946752,NO,0.13,45,BUY,0.13,0.15
1771591946752,YES,0.87,45,SELL,0.85,0.87
1771591946754,YES,0.84,74,BUY,0.85,0.87
1771591946754,NO,0.16,74,SELL,0.13,0.15
1771591946756,YES,0.84,44,BUY,0.85,0.87
1771591946756,NO,0.16,44,SELL,0.13,0.15
1771591946758,NO,0.09,170.1,BUY,0.13,0.15
1771591946758,YES,0.91,170.1,SELL,0.85,0.87
1771591946759,YES,0.73,437,BUY,0.85,0.87
1771591946759,NO,0.27,437,SELL,0.13,0.15
1771591946761,NO,0.07,666.39,BUY,0.13,0.15
1771591946761,YES,0.93,666.39,SELL,0.85,0.87
1771591946762,NO,0.1,756.66,BUY,0.13,0.15
1771591946762,YES,0.9,756.66,SELL,0.85,0.87
1771591946763,YES,0.78,651,BUY,0.85,0.87
1771591946763,NO,0.22,651,SELL,0.13,0.15
1771591946765,NO,0.05,934,BUY,0.13,0.15
1771591946765,YES,0.95,934,SELL,0.85,0.87
1771591946766,YES,0.84,14,BUY,0.85,0.87
1771591946766,NO,0.16,14,SELL,0.13,0.15
1771591946767,YES,0.77,622.99,BUY,0.85,0.87
1771591946767,NO,0.23,622.99,SELL,0.13,0.15
1771591946767,YES,0.78,645,BUY,0.85,0.87
1771591946767,NO,0.22,645,SELL,0.13,0.15
1771591946767,YES,0.81,397,BUY,0.85,0.87
1771591946767,NO,0.19,397,SELL,0.13,0.15
1771591946767,YES,0.85,21.04,BUY,0.85,0.87
1771591946767,NO,0.15,21.04,SELL,0.13,0.15
1771591946767,YES,0.86,0,BUY,0.85,0.87
1771591946767,NO,0.14,0,SELL,0.13,0.15
1771591946769,YES,0.84,9,BUY,0.85,0.87
1771591946769,NO,0.16,9,SELL,0.13,0.15
1771591946769,YES,0.83,69,BUY,0.85,0.87
1771591946769,NO,0.17,69,SELL,0.13,0.15
1771591946769,YES,0.86,0,BUY,0.85,0.87
1771591946769,NO,0.14,0,SELL,0.13,0.15
1771591946771,NO,0.1,741.66,BUY,0.13,0.15
1771591946771,YES,0.9,741.66,SELL,0.85,0.87
1771591946772,YES,0.77,612.99,BUY,0.85,0.87
1771591946772,NO,0.23,612.99,SELL,0.13,0.15
1771591946772,YES,0.81,382,BUY,0.85,0.87
1771591946772,NO,0.19,382,SELL,0.13,0.15
1771591946772,YES,0.82,125,BUY,0.85,0.87
1771591946772,NO,0.18,125,SELL,0.13,0.15
1771591946774,YES,0.79,471,BUY,0.85,0.87
1771591946774,NO,0.21,471,SELL,0.13,0.15
1771591946775,NO,0.29,475.8,SELL,0.13,0.15
1771591946775,YES,0.71,475.8,BUY,0.85,0.87
1771591946777,NO,0.1,971.66,BUY,0.13,0.15
1771591946777,YES,0.9,971.66,SELL,0.85,0.87
1771591946778,YES,0.77,606.49,BUY,0.85,0.87
1771591946778,NO,0.23,606.49,SELL,0.13,0.15
1771591946790,NO,0.06,725,BUY,0.13,0.15
1771591946790,YES,0.94,725,SELL,0.85,0.87
1771591946792,YES,0.85,26.04,BUY,0.85,0.87
1771591946792,NO,0.15,26.04,SELL,0.13,0.15
1771591946795,NO,0.06,745,BUY,0.13,0.15
1771591946795,YES,0.94,745,SELL,0.85,0.87
1771591946796,NO,0.06,740,BUY,0.13,0.15
1771591946796,YES,0.94,740,SELL,0.85,0.87
1771591946796,NO,0.11,133.19,BUY,0.13,0.15
1771591946796,YES,0.89,133.19,SELL,0.85,0.87
1771591946801,NO,0.13,43.39,BUY,0.13,0.15
1771591946801,YES,0.87,43.39,SELL,0.85,0.87
1771591946803,YES,0.8,81,BUY,0.85,0.87
1771591946803,NO,0.2,81,SELL,0.13,0.15
1771591946810,NO,0.13,41.36,BUY,0.13,0.15
1771591946810,YES,0.87,41.36,SELL,0.85,0.87
1771591946813,YES,0.8,181,BUY,0.85,0.87
1771591946813,NO,0.2,181,SELL,0.13,0.15
1771591946816,YES,0.89,148.19,SELL,0.85,0.87
1771591946816,NO,0.11,148.19,BUY,0.13,0.15
1771591946817,NO,0.11,157.19,BUY,0.13,0.15
1771591946817,YES,0.89,157.19,SELL,0.85,0.87
1771591946819,NO,0.11,166.19,BUY,0.13,0.15
1771591946819,YES,0.89,166.19,SELL,0.85,0.87
1771591946823,NO,0.13,30.36,BUY,0.13,0.15
1771591946823,YES,0.87,30.36,SELL,0.85,0.87
1771591946826,NO,0.03,869.33,BUY,0.13,0.15
1771591946826,YES,0.97,869.33,SELL,0.85,0.87
1771591946827,YES,0.03,749.33,BUY,0.85,0.87
1771591946827,NO,0.97,749.33,SELL,0.13,0.15
1771591946830,YES,0.85,256.04,BUY,0.85,0.87
1771591946830,NO,0.15,256.04,SELL,0.13,0.15
1771591946832,NO,0.11,171.19,BUY,0.13,0.15
1771591946832,YES,0.89,171.19,SELL,0.85,0.87
1771591946833,YES,0.85,235,BUY,0.85,0.87
1771591946833,NO,0.15,235,SELL,0.13,0.15
1771591946834,YES,0.78,525,BUY,0.85,0.87
1771591946834,NO,0.22,525,SELL,0.13,0.15
1771591946836,YES,0.85,415,BUY,0.85,0.87
1771591946836,NO,0.15,415,SELL,0.13,0.15
1771591946838,NO,0.09,180.1,BUY,0.13,0.15
1771591946838,YES,0.91,180.1,SELL,0.85,0.87
1771591946840,NO,0.05,964,BUY,0.13,0.15
1771591946840,YES,0.95,964,SELL,0.85,0.87
1771591946841,NO,0.14,15,SELL,0.13,0.14
1771591946841,YES,0.86,15,BUY,0.86,0.87
1771591946843,NO,0.07,686.39,BUY,0.13,0.14
1771591946843,YES,0.93,686.39,SELL,0.86,0.87
1771591946844,NO,0.1,986.66,BUY,0.13,0.14
1771591946844,YES,0.9,986.66,SELL,0.86,0.87
1771591946846,YES,0.74,500.76,BUY,0.86,0.87
1771591946846,NO,0.26,500.76,SELL,0.13,0.14
1771591946848,YES,0.83,99,BUY,0.86,0.87
1771591946848,NO,0.17,99,SELL,0.13,0.14
1771591946850,NO,0.07,719.88,BUY,0.13,0.14
1771591946850,YES,0.93,719.88,SELL,0.86,0.87
1771591946851,YES,0.9,1001.66,SELL,0.86,0.87
1771591946851,NO,0.1,1001.66,BUY,0.13,0.14
1771591946853,YES,0.86,30,BUY,0.86,0.87
1771591946853,NO,0.14,30,SELL,0.13,0.14
1771591946858,YES,0.86,22,BUY,0.86,0.87
1771591946858,NO,0.14,22,SELL,0.13,0.14
1771591946863,NO,0.13,20.36,BUY,0.13,0.14
1771591946863,YES,0.87,20.36,SELL,0.86,0.87
1771591946866,NO,0.13,25.36,BUY,0.13,0.14
1771591946866,YES,0.87,25.36,SELL,0.86,0.87
1771591946868,NO,0.12,75,BUY,0.13,0.14
1771591946868,YES,0.88,75,SELL,0.86,0.87
1771591946869,YES,0.76,461.58,BUY,0.86,0.87
1771591946869,NO,0.24,461.58,SELL,0.13,0.14
1771591946871,NO,0.06,757,BUY,0.13,0.14
1771591946871,YES,0.94,757,SELL,0.86,0.87
1771591946871,YES,0.76,456.58,BUY,0.86,0.87
1771591946871,NO,0.24,456.58,SELL,0.13,0.14
1771591946873,NO,0.04,333,BUY,0.13,0.14
1771591946873,YES,0.96,333,SELL,0.86,0.87
1771591946874,YES,0.77,612.99,BUY,0.86,0.87
1771591946874,NO,0.23,612.99,SELL,0.13,0.14
1771591946877,NO,0.13,35.36,BUY,0.13,0.14
1771591946877,YES,0.87,35.36,SELL,0.86,0.87
1771591946878,NO,0.27,449.26,SELL,0.13,0.14
1771591946878,YES,0.73,449.26,BUY,0.86,0.87
1771591946885,NO,0.13,0,BUY,0.12,0.14
1771591946885,YES,0.87,0,SELL,0.86,0.88
1771591946887,NO,0.06,762,BUY,0.12,0.14
1771591946887,YES,0.94,762,SELL,0.86,0.88
1771591946888,NO,0.1,1022.66,BUY,0.12,0.14
1771591946888,YES,0.9,1022.66,SELL,0.86,0.88
1771591946944,NO,0.12,73.86,BUY,0.12,0.14
1771591946944,YES,0.88,73.86,SELL,0.86,0.88
1771591946947,NO,0.1,792.66,BUY,0.12,0.14
1771591946947,YES,0.9,792.66,SELL,0.86,0.88
1771591946949,YES,0.85,420,BUY,0.86,0.88
1771591946949,NO,0.15,420,SELL,0.12,0.14
1771591946951,YES,0.85,480,BUY,0.86,0.88
1771591946951,NO,0.15,480,SELL,0.12,0.14
1771591946954,YES,0.75,393.72,BUY,0.86,0.88
1771591946954,NO,0.25,393.72,SELL,0.12,0.14
1771591946959,NO,0.12,28.86,BUY,0.12,0.14
1771591946959,YES,0.88,28.86,SELL,0.86,0.88
1771591946962,YES,0.82,135,BUY,0.86,0.88
1771591946962,NO,0.18,135,SELL,0.12,0.14
1771591946964,NO,0.1,807.66,BUY,0.12,0.14
1771591946964,YES,0.9,807.66,SELL,0.86,0.88
1771591946966,YES,0.78,531.42,BUY,0.86,0.88
1771591946966,NO,0.22,531.42,SELL,0.12,0.14
1771591947117,NO,0.14,8,SELL,0.12,0.14
1771591947117,YES,0.86,8,BUY,0.86,0.88
1771591947117,YES,0.86,8,BUY,0.86,0.88
1771591947117,NO,0.14,8,SELL,0.12,0.14
1771591947121,YES,0.86,23,BUY,0.86,0.88
1771591947121,NO,0.14,23,SELL,0.12,0.14
1771591947123,YES,0.8,81,BUY,0.86,0.88
1771591947123,NO,0.2,81,SELL,0.12,0.14
1771591947125,NO,0.1,822.66,BUY,0.12,0.14
1771591947125,YES,0.9,822.66,SELL,0.86,0.88
1771591947126,YES,0.83,104,BUY,0.86,0.88
1771591947126,NO,0.17,104,SELL,0.12,0.14
1771591947129,YES,0.84,28.96,BUY,0.86,0.88
1771591947129,NO,0.16,28.96,SELL,0.12,0.14
1771591947130,YES,0.85,475,BUY,0.86,0.88
1771591947130,NO,0.15,475,SELL,0.12,0.14
1771591947132,NO,0.1,807.66,BUY,0.12,0.14
1771591947132,YES,0.9,807.66,SELL,0.86,0.88
1771591947133,YES,0.89,156.19,SELL,0.86,0.88
1771591947133,NO,0.11,156.19,BUY,0.12,0.14
1771591947133,NO,0.14,15,SELL,0.12,0.14
1771591947133,YES,0.86,15,BUY,0.86,0.88
1771591947135,YES,0.74,494,BUY,0.86,0.88
1771591947135,NO,0.26,494,SELL,0.12,0.14
1771591947136,NO,0.07,686.39,BUY,0.12,0.14
1771591947136,YES,0.93,686.39,SELL,0.86,0.88
1771591947137,NO,0.01,8061.42,BUY,0.12,0.14
1771591947137,YES,0.99,8061.42,SELL,0.86,0.88
1771591947139,NO,0.02,2753,BUY,0.12,0.14
1771591947139,YES,0.98,2753,SELL,0.86,0.88
1771591947139,YES,0.85,245,BUY,0.86,0.88
1771591947139,NO,0.15,245,SELL,0.12,0.14
1771591947141,NO,0.13,5,BUY,0.13,0.14
1771591947141,YES,0.87,5,SELL,0.86,0.87
1771591947143,NO,0.13,10,BUY,0.13,0.14
1771591947143,YES,0.87,10,SELL,0.86,0.87
1771591947143,YES,0.77,606.49,BUY,0.86,0.87
1771591947143,NO,0.23,606.49,SELL,0.13,0.14
1771591947146,YES,0.75,398.72,BUY,0.86,0.87
1771591947146,NO,0.25,398.72,SELL,0.13,0.14
1771591947150,NO,0.14,60,BUY,0.14,0.15
1771591947150,YES,0.86,60,SELL,0.85,0.86
1771591947150,YES,0.86,0,BUY,0.85,0.86
1771591947150,NO,0.14,0,SELL,0.14,0.15
1771591947153,YES,0.76,450,BUY,0.85,0.86
1771591947153,NO,0.24,450,SELL,0.14,0.15
1771591947155,NO,0.11,168.69,BUY,0.14,0.15
1771591947155,YES,0.89,168.69,SELL,0.85,0.86
1771591947156,NO,0.05,969,BUY,0.14,0.15
1771591947156,YES,0.95,969,SELL,0.85,0.86
1771591947157,NO,0.11,181.19,BUY,0.14,0.15
1771591947157,YES,0.89,181.19,SELL,0.85,0.86
1771591947159,YES,0.83,114,BUY,0.85,0.86
1771591947159,NO,0.17,114,SELL,0.14,0.15
1771591947161,NO,0.08,345,BUY,0.14,0.15
1771591947161,YES,0.92,345,SELL,0.85,0.86
1771591947162,NO,0.06,787,BUY,0.14,0.15
1771591947162,YES,0.94,787,SELL,0.85,0.86
1771591947166,YES,0.85,220,BUY,0.85,0.86
1771591947166,NO,0.15,220,SELL,0.14,0.15
1771591947170,YES,0.74,504,BUY,0.85,0.86
1771591947170,NO,0.26,504,SELL,0.14,0.15
1771591947176,YES,0.85,84,BUY,0.85,0.86
1771591947176,NO,0.15,84,SELL,0.14,0.15
1771591947178,NO,0.04,308,BUY,0.14,0.15
1771591947178,YES,0.96,308,SELL,0.85,0.86
1771591947180,NO,0.1,927.66,BUY,0.14,0.15
1771591947180,YES,0.9,927.66,SELL,0.85,0.86
1771591947202,YES,0.85,74,BUY,0.85,0.86
1771591947202,NO,0.15,74,SELL,0.14,0.15
1771591947218,YES,0.85,54.8,BUY,0.85,0.86
1771591947218,NO,0.15,54.8,SELL,0.14,0.15
1771591947222,NO,0.09,200.1,BUY,0.14,0.15
1771591947222,YES,0.91,200.1,SELL,0.85,0.86
1771591947223,YES,0.9,912.66,SELL,0.85,0.86
1771591947223,NO,0.1,912.66,BUY,0.14,0.15
1771591947225,NO,0.11,411.19,BUY,0.14,0.15
1771591947225,YES,0.89,411.19,SELL,0.85,0.86
1771591947226,YES,0.83,54,BUY,0.85,0.86
1771591947226,NO,0.17,54,SELL,0.14,0.15
1771591947228,NO,0.07,706.39,BUY,0.14,0.15
1771591947228,YES,0.93,706.39,SELL,0.85,0.86
1771591947230,NO,0.12,33.86,BUY,0.14,0.15
1771591947230,YES,0.88,33.86,SELL,0.85,0.86
1771591947231,NO,0.08,365,BUY,0.14,0.15
1771591947231,YES,0.92,365,SELL,0.85,0.86
1771591947233,NO,0.11,426.19,BUY,0.14,0.15
1771591947233,YES,0.89,426.19,SELL,0.85,0.86
1771591947234,NO,0.11,447.19,BUY,0.14,0.15
1771591947234,YES,0.89,447.19,SELL,0.85,0.86
1771591947235,NO,0.12,43.86,BUY,0.14,0.15
1771591947235,YES,0.88,43.86,SELL,0.85,0.86
1771591947236,NO,0.09,220.1,BUY,0.14,0.15
1771591947236,YES,0.91,220.1,SELL,0.85,0.86
1771591947237,YES,0.85,49.8,BUY,0.85,0.86
1771591947237,NO,0.15,49.8,SELL,0.14,0.15
1771591947239,NO,0.06,770,BUY,0.14,0.15
1771591947239,YES,0.94,770,SELL,0.85,0.86
1771591947240,YES,0.85,0,BUY,0.84,0.86
1771591947240,NO,0.15,0,SELL,0.14,0.16
1771591947242,NO,0.1,932.66,BUY,0.14,0.16
1771591947242,YES,0.9,932.66,SELL,0.84,0.86
1771591947243,YES,0.75,392.05,BUY,0.84,0.86
1771591947243,NO,0.25,392.05,SELL,0.14,0.16
1771591947245,YES,0.82,125,BUY,0.84,0.86
1771591947245,NO,0.18,125,SELL,0.14,0.16
1771591947247,YES,0.78,525,BUY,0.84,0.86
1771591947247,NO,0.22,525,SELL,0.14,0.16
1771591947253,NO,0.14,15.43,BUY,0.14,0.16
1771591947253,YES,0.86,15.43,SELL,0.84,0.86
1771591947256,YES,0.51,515,BUY,0.84,0.86
1771591947256,NO,0.49,515,SELL,0.14,0.16
1771591947258,NO,0.1,917.66,BUY,0.14,0.16
1771591947258,YES,0.9,917.66,SELL,0.84,0.86
1771591947259,NO,0.1,937.66,BUY,0.14,0.16
1771591947259,YES,0.9,937.66,SELL,0.84,0.86
1771591947260,NO,0.06,765,BUY,0.14,0.16
1771591947260,YES,0.94,765,SELL,0.84,0.86
1771591947260,YES,0.82,120,BUY,0.84,0.86
1771591947260,NO,0.18,120,SELL,0.14,0.16
1771591947262,YES,0.82,140,BUY,0.84,0.86
1771591947262,NO,0.18,140,SELL,0.14,0.16
1771591947264,YES,0.82,160,BUY,0.84,0.86
1771591947264,NO,0.18,160,SELL,0.14,0.16
1771591947267,YES,0.82,180,BUY,0.84,0.86
1771591947267,NO,0.18,180,SELL,0.14,0.16
1771591947268,NO,0.05,939,BUY,0.14,0.16
1771591947268,YES,0.95,939,SELL,0.84,0.86
1771591947270,NO,0.1,1167.66,BUY,0.14,0.16
1771591947270,YES,0.9,1167.66,SELL,0.84,0.86
1771591947271,YES,0.83,24,BUY,0.84,0.86
1771591947271,NO,0.17,24,SELL,0.14,0.16
1771591947282,YES,0.82,96.96,BUY,0.82,0.86
1771591947282,NO,0.18,96.96,SELL,0.14,0.18
1771591947282,YES,0.84,0,BUY,0.82,0.86
1771591947282,NO,0.16,0,SELL,0.14,0.18
1771591947282,YES,0.83,0,BUY,0.82,0.86
1771591947282,NO,0.17,0,SELL,0.14,0.18
1771591947285,NO,0.07,713.39,BUY,0.14,0.18
1771591947285,YES,0.93,713.39,SELL,0.82,0.86
1771591947291,NO,0.14,10.43,BUY,0.14,0.18
1771591947291,YES,0.86,10.43,SELL,0.82,0.86
1771591947293,NO,0.11,467.19,BUY,0.14,0.18
1771591947293,YES,0.89,467.19,SELL,0.82,0.86
1771591947295,NO,0.15,15,BUY,0.15,0.18
1771591947295,YES,0.85,15,SELL,0.82,0.85
