timestamp,asset_id,price,size,side,best_bid,best_ask
1771354278645,NO,0.19,0,BUY,0.2,0.26
1771354278645,YES,0.81,0,SELL,0.74,0.8
1771354278647,YES,0.73,100,BUY,0.74,0.8
1771354278647,NO,0.27,100,SELL,0.2,0.26
1771354278648,YES,0.74,3640,BUY,0.74,0.8
1771354278648,NO,0.26,3640,SELL,0.2,0.26
1771354278659,NO,0.2,3740,BUY,0.2,0.26
1771354278659,YES,0.8,3740,SELL,0.74,0.8
1771354280077,NO,0.2,100,BUY,0.2,0.26
1771354280077,YES,0.8,100,SELL,0.74,0.8
1771354280136,NO,0.21,3640,BUY,0.21,0.26
1771354280136,YES,0.79,3640,SELL,0.74,0.79
1771354281706,YES,0.02,375.29,BUY,0.74,0.79
1771354281706,NO,0.98,375.29,SELL,0.21,0.26
1771354281706,YES,0.1,216,BUY,0.74,0.79
1771354281706,NO,0.9,216,SELL,0.21,0.26
1771354282232,YES,0.72,11.71,BUY,0.74,0.79
1771354282232,NO,0.28,11.71,SELL,0.21,0.26
1771354282233,NO,0.2,0,BUY,0.21,0.26
1771354282233,YES,0.8,0,SELL,0.74,0.79
1771354282233,YES,0.73,0,BUY,0.74,0.79
1771354282233,NO,0.27,0,SELL,0.21,0.26
1771354282234,NO,0.21,3740,BUY,0.21,0.26
1771354282234,YES,0.79,3740,SELL,0.74,0.79
1771354285240,YES,0.73,100,BUY,0.74,0.79
1771354285240,NO,0.27,100,SELL,0.21,0.26
1771354285241,NO,0.2,100,BUY,0.21,0.26
1771354285241,YES,0.8,100,SELL,0.74,0.79
1771354285243,YES,0.72,0,BUY,0.74,0.79
1771354285243,NO,0.28,0,SELL,0.21,0.26
1771354285259,NO,0.21,3640,BUY,0.21,0.26
1771354285259,YES,0.79,3640,SELL,0.74,0.79
1771354288215,NO,0.21,3740,BUY,0.21,0.26
1771354288215,YES,0.79,3740,SELL,0.74,0.79
1771354288216,YES,0.72,11.71,BUY,0.74,0.79
1771354288216,NO,0.28,11.71,SELL,0.21,0.26
1771354288218,YES,0.73,0,BUY,0.74,0.79
1771354288218,NO,0.27,0,SELL,0.21,0.26
1771354288227,NO,0.2,0,BUY,0.21,0.26
1771354288227,YES,0.8,0,SELL,0.74,0.79
1771354288801,NO,0.2,100,BUY,0.21,0.26
1771354288801,YES,0.8,100,SELL,0.74,0.79
1771354288801,NO,0.21,3640,BUY,0.21,0.26
1771354288801,YES,0.79,3640,SELL,0.74,0.79
1771354288805,YES,0.72,0,BUY,0.74,0.79
1771354288805,NO,0.28,0,SELL,0.21,0.26
1771354288807,YES,0.73,100,BUY,0.74,0.79
1771354288807,NO,0.27,100,SELL,0.21,0.26
1771354291394,YES,0.73,0,BUY,0.74,0.79
1771354291394,NO,0.27,0,SELL,0.21,0.26
1771354291394,YES,0.72,11.71,BUY,0.74,0.79
1771354291394,NO,0.28,11.71,SELL,0.21,0.26
1771354291397,NO,0.21,3740,BUY,0.21,0.26
1771354291397,YES,0.79,3740,SELL,0.74,0.79
1771354291398,NO,0.2,0,BUY,0.21,0.26
1771354291398,YES,0.8,0,SELL,0.74,0.79
1771354291965,YES,0.73,100,BUY,0.74,0.79
1771354291965,NO,0.27,100,SELL,0.21,0.26
1771354291966,YES,0.72,0,BUY,0.74,0.79
1771354291966,NO,0.28,0,SELL,0.21,0.26
1771354291971,NO,0.21,3640,BUY,0.21,0.26
1771354291971,YES,0.79,3640,SELL,0.74,0.79
1771354291972,NO,0.2,100,BUY,0.21,0.26
1771354291972,YES,0.8,100,SELL,0.74,0.79
1771354300220,NO,0.2,0,BUY,0.21,0.26
1771354300220,YES,0.8,0,SELL,0.74,0.79
1771354300221,YES,0.72,11.71,BUY,0.74,0.79
1771354300221,NO,0.28,11.71,SELL,0.21,0.26
1771354300223,YES,0.73,0,BUY,0.74,0.79
1771354300223,NO,0.27,0,SELL,0.21,0.26
1771354300226,NO,0.21,3740,BUY,0.21,0.26
1771354300226,YES,0.79,3740,SELL,0.74,0.79
1771354300252,NO,0.21,3640,BUY,0.21,0.26
1771354300252,YES,0.79,3640,SELL,0.74,0.79
1771354300326,NO,0.21,3740,BUY,0.21,0.26
1771354300326,YES,0.79,3740,SELL,0.74,0.79
1771354301304,YES,0.71,0,BUY,0.74,0.79
1771354301304,NO,0.29,0,SELL,0.21,0.26
1771354301330,NO,0.21,100,BUY,0.21,0.26
1771354301330,YES,0.79,100,SELL,0.74,0.79
1771354301619,NO,0.21,3740,BUY,0.21,0.26
1771354301619,YES,0.79,3740,SELL,0.74,0.79
1771354302301,YES,0.69,2500,BUY,0.74,0.79
1771354302301,NO,0.31,2500,SELL,0.21,0.26
1771354302339,NO,0.2,5,BUY,0.21,0.26
1771354302339,YES,0.8,5,SELL,0.74,0.79
1771354303028,NO,0.16,12.5,BUY,0.21,0.26
1771354303028,YES,0.84,12.5,SELL,0.74,0.79
1771354304082,NO,0.2,105,BUY,0.21,0.26
1771354304082,YES,0.8,105,SELL,0.74,0.79
1771354304082,NO,0.21,3640,BUY,0.21,0.26
1771354304082,YES,0.79,3640,SELL,0.74,0.79
1771354304084,YES,0.73,100,BUY,0.74,0.79
1771354304084,NO,0.27,100,SELL,0.21,0.26
1771354304086,YES,0.72,0,BUY,0.74,0.79
1771354304086,NO,0.28,0,SELL,0.21,0.26
1771354304187,NO,0.18,2500,BUY,0.21,0.26
1771354304187,YES,0.82,2500,SELL,0.74,0.79
1771354304429,YES,0.02,175.29,BUY,0.74,0.79
1771354304429,NO,0.98,175.29,SELL,0.21,0.26
1771354304429,YES,0.1,116,BUY,0.74,0.79
1771354304429,NO,0.9,116,SELL,0.21,0.26
1771354305020,NO,0.21,3740,BUY,0.21,0.26
1771354305020,YES,0.79,3740,SELL,0.74,0.79
1771354305021,YES,0.73,0,BUY,0.74,0.79
1771354305021,NO,0.27,0,SELL,0.21,0.26
1771354305027,NO,0.2,5,BUY,0.21,0.26
1771354305027,YES,0.8,5,SELL,0.74,0.79
1771354305041,YES,0.72,11.71,BUY,0.74,0.79
1771354305041,NO,0.28,11.71,SELL,0.21,0.26
1771354308359,NO,0.21,100,BUY,0.21,0.26
1771354308359,YES,0.79,100,SELL,0.74,0.79
1771354308402,NO,0.22,3640,BUY,0.22,0.26
1771354308402,YES,0.78,3640,SELL,0.74,0.78
1771354309625,NO,0.22,0,BUY,0.21,0.26
1771354309625,YES,0.78,0,SELL,0.74,0.79
1771354309688,NO,0.21,3740,BUY,0.21,0.26
1771354309688,YES,0.79,3740,SELL,0.74,0.79
1771354310396,NO,0.21,100,BUY,0.21,0.26
1771354310396,YES,0.79,100,SELL,0.74,0.79
1771354310443,NO,0.21,3740,BUY,0.21,0.26
1771354310443,YES,0.79,3740,SELL,0.74,0.79
1771354310807,NO,0.21,100,BUY,0.21,0.26
1771354310807,YES,0.79,100,SELL,0.74,0.79
1771354310882,NO,0.21,3740,BUY,0.21,0.26
1771354310882,YES,0.79,3740,SELL,0.74,0.79
1771354311514,NO,0.21,100,BUY,0.21,0.26
1771354311514,YES,0.79,100,SELL,0.74,0.79
1771354311642,NO,0.22,3640,BUY,0.22,0.26
1771354311642,YES,0.78,3640,SELL,0.74,0.78
1771354311721,NO,0.21,0,BUY,0.22,0.26
1771354311721,YES,0.79,0,SELL,0.74,0.78
1771354311721,YES,0.72,0,BUY,0.74,0.78
1771354311721,NO,0.28,0,SELL,0.22,0.26
1771354311722,YES,0.71,100,BUY,0.74,0.78
1771354311722,NO,0.29,100,SELL,0.22,0.26
1771354311724,NO,0.22,3740,BUY,0.22,0.26
1771354311724,YES,0.78,3740,SELL,0.74,0.78
1771354311752,NO,0.22,3640,BUY,0.22,0.26
1771354311752,YES,0.78,3640,SELL,0.74,0.78
1771354311799,YES,0.71,0,BUY,0.74,0.78
1771354311799,NO,0.29,0,SELL,0.22,0.26
1771354311803,YES,0.72,11.71,BUY,0.74,0.78
1771354311803,NO,0.28,11.71,SELL,0.22,0.26
1771354311803,NO,0.21,100,BUY,0.22,0.26
1771354311803,YES,0.79,100,SELL,0.74,0.78
1771354312734,YES,0.72,0,BUY,0.74,0.78
1771354312734,NO,0.28,0,SELL,0.22,0.26
1771354312735,YES,0.71,100,BUY,0.74,0.78
1771354312735,NO,0.29,100,SELL,0.22,0.26
1771354312736,NO,0.22,3740,BUY,0.22,0.26
1771354312736,YES,0.78,3740,SELL,0.74,0.78
1771354312740,NO,0.21,0,BUY,0.22,0.26
1771354312740,YES,0.79,0,SELL,0.74,0.78
1771354312761,NO,0.22,3640,BUY,0.22,0.26
1771354312761,YES,0.78,3640,SELL,0.74,0.78
1771354312821,NO,0.21,100,BUY,0.22,0.26
1771354312821,YES,0.79,100,SELL,0.74,0.78
1771354312825,YES,0.72,11.71,BUY,0.74,0.78
1771354312825,NO,0.28,11.71,SELL,0.22,0.26
1771354312825,YES,0.71,0,BUY,0.74,0.78
1771354312825,NO,0.29,0,SELL,0.22,0.26
1771354317000,NO,0.22,0,BUY,0.21,0.26
1771354317000,YES,0.78,0,SELL,0.74,0.79
1771354317044,NO,0.21,3740,BUY,0.21,0.26
1771354317044,YES,0.79,3740,SELL,0.74,0.79
1771354321530,NO,0.21,3640,BUY,0.21,0.26
1771354321530,YES,0.79,3640,SELL,0.74,0.79
1771354321531,YES,0.72,0,BUY,0.74,0.79
1771354321531,NO,0.28,0,SELL,0.21,0.26
1771354321532,NO,0.2,105,BUY,0.21,0.26
1771354321532,YES,0.8,105,SELL,0.74,0.79
1771354321534,YES,0.73,100,BUY,0.74,0.79
1771354321534,NO,0.27,100,SELL,0.21,0.26
1771354322106,NO,0.21,0,BUY,0.2,0.26
1771354322106,YES,0.79,0,SELL,0.74,0.8
1771354322160,NO,0.2,3745,BUY,0.2,0.26
1771354322160,YES,0.8,3745,SELL,0.74,0.8
1771354327356,YES,0.02,375.29,BUY,0.74,0.8
1771354327356,NO,0.98,375.29,SELL,0.2,0.26
1771354327357,YES,0.1,216,BUY,0.74,0.8
1771354327357,NO,0.9,216,SELL,0.2,0.26
1771354329122,NO,0.18,0,BUY,0.2,0.26
1771354329122,YES,0.82,0,SELL,0.74,0.8
1771354329759,NO,0.16,2512.5,BUY,0.2,0.26
1771354329759,YES,0.84,2512.5,SELL,0.74,0.8
1771354330294,NO,0.2,3645,BUY,0.2,0.26
1771354330294,YES,0.8,3645,SELL,0.74,0.8
1771354330298,YES,0.74,3651.71,BUY,0.74,0.8
1771354330298,NO,0.26,3651.71,SELL,0.2,0.26
1771354330298,NO,0.19,100,BUY,0.2,0.26
1771354330298,YES,0.81,100,SELL,0.74,0.8
1771354330302,YES,0.73,0,BUY,0.74,0.8
1771354330302,NO,0.27,0,SELL,0.2,0.26
1771354330385,YES,0.7,6.29,BUY,0.74,0.8
1771354330385,NO,0.3,6.29,SELL,0.2,0.26
1771354330912,YES,0.69,0,BUY,0.74,0.8
1771354330912,NO,0.31,0,SELL,0.2,0.26
1771354332315,YES,0.71,2500,BUY,0.74,0.8
1771354332315,NO,0.29,2500,SELL,0.2,0.26
1771354333061,YES,0.02,175.29,BUY,0.74,0.8
1771354333061,NO,0.98,175.29,SELL,0.2,0.26
1771354333061,YES,0.1,116,BUY,0.74,0.8
1771354333061,NO,0.9,116,SELL,0.2,0.26
1771354334292,NO,0.19,0,BUY,0.2,0.26
1771354334292,YES,0.81,0,SELL,0.74,0.8
1771354334297,NO,0.2,3745,BUY,0.2,0.26
1771354334297,YES,0.8,3745,SELL,0.74,0.8
1771354334298,YES,0.73,100,BUY,0.74,0.8
1771354334298,NO,0.27,100,SELL,0.2,0.26
1771354334299,YES,0.74,3640,BUY,0.74,0.8
1771354334299,NO,0.26,3640,SELL,0.2,0.26
1771354335403,YES,0.74,3646,BUY,0.74,0.8
1771354335403,NO,0.26,3646,SELL,0.2,0.26
1771354336269,NO,0.2,3645,BUY,0.2,0.26
1771354336269,YES,0.8,3645,SELL,0.74,0.8
1771354336274,NO,0.19,100,BUY,0.2,0.26
1771354336274,YES,0.81,100,SELL,0.74,0.8
1771354336274,YES,0.73,0,BUY,0.74,0.8
1771354336274,NO,0.27,0,SELL,0.2,0.26
1771354336281,YES,0.74,3657.71,BUY,0.74,0.8
1771354336281,NO,0.26,3657.71,SELL,0.2,0.26
1771354337013,NO,0.19,0,BUY,0.2,0.26
1771354337013,YES,0.81,0,SELL,0.74,0.8
1771354337016,NO,0.2,3745,BUY,0.2,0.26
1771354337016,YES,0.8,3745,SELL,0.74,0.8
1771354337018,YES,0.74,3646,BUY,0.74,0.8
1771354337018,NO,0.26,3646,SELL,0.2,0.26
1771354337019,YES,0.73,100,BUY,0.74,0.8
1771354337019,NO,0.27,100,SELL,0.2,0.26
1771354339228,YES,0.1,216,BUY,0.74,0.8
1771354339228,NO,0.9,216,SELL,0.2,0.26
1771354339229,YES,0.02,375.29,BUY,0.74,0.8
1771354339229,NO,0.98,375.29,SELL,0.2,0.26
1771354340144,NO,0.2,3645,BUY,0.2,0.26
1771354340144,YES,0.8,3645,SELL,0.74,0.8
1771354340145,NO,0.19,100,BUY,0.2,0.26
1771354340145,YES,0.81,100,SELL,0.74,0.8
1771354340146,YES,0.73,0,BUY,0.74,0.8
1771354340146,NO,0.27,0,SELL,0.2,0.26
1771354340149,YES,0.74,3657.71,BUY,0.74,0.8
1771354340149,NO,0.26,3657.71,SELL,0.2,0.26
1771354340555,NO,0.2,5,BUY,0.2,0.26
1771354340555,YES,0.8,5,SELL,0.74,0.8
1771354340601,NO,0.19,3740,BUY,0.2,0.26
1771354340601,YES,0.81,3740,SELL,0.74,0.8
1771354343059,YES,0.73,100,BUY,0.74,0.8
1771354343059,NO,0.27,100,SELL,0.2,0.26
1771354343060,NO,0.19,3640,BUY,0.2,0.26
1771354343060,YES,0.81,3640,SELL,0.74,0.8
1771354343061,NO,0.2,105,BUY,0.2,0.26
1771354343061,YES,0.8,105,SELL,0.74,0.8
1771354343062,YES,0.74,3646,BUY,0.74,0.8
1771354343062,NO,0.26,3646,SELL,0.2,0.26
1771354343074,NO,0.19,0,BUY,0.2,0.26
1771354343074,YES,0.81,0,SELL,0.74,0.8
1771354343128,NO,0.2,3745,BUY,0.2,0.26
1771354343128,YES,0.8,3745,SELL,0.74,0.8
1771354350340,NO,0.2,3645,BUY,0.2,0.26
1771354350340,YES,0.8,3645,SELL,0.74,0.8
1771354350342,YES,0.74,3657.71,BUY,0.74,0.8
1771354350342,NO,0.26,3657.71,SELL,0.2,0.26
1771354350343,YES,0.73,0,BUY,0.74,0.8
1771354350343,NO,0.27,0,SELL,0.2,0.26
1771354350344,NO,0.19,100,BUY,0.2,0.26
1771354350344,YES,0.81,100,SELL,0.74,0.8
1771354350372,YES,0.74,3646,BUY,0.74,0.8
1771354350372,NO,0.26,3646,SELL,0.2,0.26
1771354350413,NO,0.19,0,BUY,0.2,0.26
1771354350413,YES,0.81,0,SELL,0.74,0.8
1771354350420,NO,0.2,3745,BUY,0.2,0.26
1771354350420,YES,0.8,3745,SELL,0.74,0.8
1771354350422,YES,0.73,100,BUY,0.74,0.8
1771354350422,NO,0.27,100,SELL,0.2,0.26
1771354352586,NO,0.2,105,BUY,0.2,0.26
1771354352586,YES,0.8,105,SELL,0.74,0.8
1771354352650,NO,0.21,3640,BUY,0.21,0.26
1771354352650,YES,0.79,3640,SELL,0.74,0.79
1771354352971,YES,0.73,0,BUY,0.74,0.79
1771354352971,NO,0.27,0,SELL,0.21,0.26
1771354352972,NO,0.2,5,BUY,0.21,0.26
1771354352972,YES,0.8,5,SELL,0.74,0.79
1771354352972,YES,0.74,3657.71,BUY,0.74,0.79
1771354352972,NO,0.26,3657.71,SELL,0.21,0.26
1771354352974,NO,0.19,100,BUY,0.21,0.26
1771354352974,YES,0.81,100,SELL,0.74,0.79
1771354353000,NO,0.21,0,BUY,0.2,0.26
1771354353000,YES,0.79,0,SELL,0.74,0.8
1771354353106,NO,0.19,3740,BUY,0.2,0.26
1771354353106,YES,0.81,3740,SELL,0.74,0.8
1771354353154,NO,0.19,3640,BUY,0.2,0.26
1771354353154,YES,0.81,3640,SELL,0.74,0.8
1771354353158,NO,0.18,100,BUY,0.2,0.26
1771354353158,YES,0.82,100,SELL,0.74,0.8
1771354353159,YES,0.74,3646,BUY,0.74,0.8
1771354353159,NO,0.26,3646,SELL,0.2,0.26
1771354353160,YES,0.75,100,BUY,0.75,0.8
1771354353160,NO,0.25,100,SELL,0.2,0.25
1771354353212,YES,0.74,6,BUY,0.75,0.8
1771354353212,NO,0.26,6,SELL,0.2,0.25
1771354353435,YES,0.76,3640,BUY,0.76,0.8
1771354353435,NO,0.24,3640,SELL,0.2,0.24
1771354354813,YES,0.74,17.71,BUY,0.76,0.8
1771354354813,NO,0.26,17.71,SELL,0.2,0.24
1771354354814,NO,0.19,3740,BUY,0.2,0.24
1771354354814,YES,0.81,3740,SELL,0.76,0.8
1771354354815,YES,0.75,0,BUY,0.76,0.8
1771354354815,NO,0.25,0,SELL,0.2,0.24
1771354354815,NO,0.18,0,BUY,0.2,0.24
1771354354815,YES,0.82,0,SELL,0.76,0.8
1771354356934,YES,0.1,116,BUY,0.76,0.8
1771354356934,NO,0.9,116,SELL,0.2,0.24
1771354356934,YES,0.02,175.29,BUY,0.76,0.8
1771354356934,NO,0.98,175.29,SELL,0.2,0.24
1771354359707,YES,0.74,6,BUY,0.76,0.8
1771354359707,NO,0.26,6,SELL,0.2,0.24
1771354359708,YES,0.75,100,BUY,0.76,0.8
1771354359708,NO,0.25,100,SELL,0.2,0.24
1771354359709,NO,0.18,100,BUY,0.2,0.24
1771354359709,YES,0.82,100,SELL,0.76,0.8
1771354359710,NO,0.19,3640,BUY,0.2,0.24
1771354359710,YES,0.81,3640,SELL,0.76,0.8
1771354359827,NO,0.19,0,BUY,0.2,0.24
1771354359827,YES,0.81,0,SELL,0.76,0.8
1771354359876,NO,0.18,3740,BUY,0.2,0.24
1771354359876,YES,0.82,3740,SELL,0.76,0.8
1771354360305,NO,0.18,3640,BUY,0.2,0.24
1771354360305,YES,0.82,3640,SELL,0.76,0.8
1771354360308,YES,0.76,3651.71,BUY,0.76,0.8
1771354360308,NO,0.24,3651.71,SELL,0.2,0.24
1771354360317,YES,0.75,0,BUY,0.76,0.8
1771354360317,NO,0.25,0,SELL,0.2,0.24
1771354360321,NO,0.17,100,BUY,0.2,0.24
1771354360321,YES,0.83,100,SELL,0.76,0.8
1771354360409,YES,0.76,3640,BUY,0.76,0.8
1771354360409,NO,0.24,3640,SELL,0.2,0.24
1771354360412,YES,0.75,100,BUY,0.76,0.8
1771354360412,NO,0.25,100,SELL,0.2,0.24
1771354360413,NO,0.18,3740,BUY,0.2,0.24
1771354360413,YES,0.82,3740,SELL,0.76,0.8
1771354360415,NO,0.17,0,BUY,0.2,0.24
1771354360415,YES,0.83,0,SELL,0.76,0.8
1771354360500,YES,0.75,0,BUY,0.76,0.8
1771354360500,NO,0.25,0,SELL,0.2,0.24
1771354360500,NO,0.18,3640,BUY,0.2,0.24
1771354360500,YES,0.82,3640,SELL,0.76,0.8
1771354360501,YES,0.76,3651.71,BUY,0.76,0.8
1771354360501,NO,0.24,3651.71,SELL,0.2,0.24
1771354360505,NO,0.17,100,BUY,0.2,0.24
1771354360505,YES,0.83,100,SELL,0.76,0.8
1771354360887,NO,0.17,0,BUY,0.2,0.24
1771354360887,YES,0.83,0,SELL,0.76,0.8
1771354360891,YES,0.76,3640,BUY,0.76,0.8
1771354360891,NO,0.24,3640,SELL,0.2,0.24
1771354360894,YES,0.75,100,BUY,0.76,0.8
1771354360894,NO,0.25,100,SELL,0.2,0.24
1771354360896,NO,0.18,3740,BUY,0.2,0.24
1771354360896,YES,0.82,3740,SELL,0.76,0.8
1771354361697,NO,0.18,3640,BUY,0.2,0.24
1771354361697,YES,0.82,3640,SELL,0.76,0.8
1771354361698,YES,0.75,0,BUY,0.76,0.8
1771354361698,NO,0.25,0,SELL,0.2,0.24
1771354361699,NO,0.17,100,BUY,0.2,0.24
1771354361699,YES,0.83,100,SELL,0.76,0.8
1771354361700,YES,0.76,3651.71,BUY,0.76,0.8
1771354361700,NO,0.24,3651.71,SELL,0.2,0.24
1771354363165,NO,0.16,12.5,BUY,0.2,0.24
1771354363165,YES,0.84,12.5,SELL,0.76,0.8
1771354363480,NO,0.18,0,BUY,0.2,0.24
1771354363480,YES,0.82,0,SELL,0.76,0.8
1771354363484,NO,0.17,0,BUY,0.2,0.24
1771354363484,YES,0.83,0,SELL,0.76,0.8
1771354363486,YES,0.76,3640,BUY,0.76,0.8
1771354363486,NO,0.24,3640,SELL,0.2,0.24
1771354363486,YES,0.77,100,BUY,0.77,0.8
1771354363486,NO,0.23,100,SELL,0.2,0.23
1771354363491,NO,0.16,112.5,BUY,0.2,0.23
1771354363491,YES,0.84,112.5,SELL,0.77,0.8
1771354363566,NO,0.16,12.5,BUY,0.2,0.23
1771354363566,YES,0.84,12.5,SELL,0.77,0.8
1771354363567,YES,0.77,0,BUY,0.76,0.8
1771354363567,NO,0.23,0,SELL,0.2,0.24
1771354363574,NO,0.17,100,BUY,0.2,0.24
1771354363574,YES,0.83,100,SELL,0.76,0.8
1771354363577,YES,0.76,3651.71,BUY,0.76,0.8
1771354363577,NO,0.24,3651.71,SELL,0.2,0.24
1771354363585,YES,0.76,11.71,BUY,0.76,0.8
1771354363585,NO,0.24,11.71,SELL,0.2,0.24
1771354363589,NO,0.17,3740,BUY,0.2,0.24
1771354363589,YES,0.83,3740,SELL,0.76,0.8
1771354363599,NO,0.17,3640,BUY,0.2,0.24
1771354363599,YES,0.83,3640,SELL,0.76,0.8
1771354363640,NO,0.16,112.5,BUY,0.2,0.24
1771354363640,YES,0.84,112.5,SELL,0.76,0.8
1771354363642,YES,0.76,0,BUY,0.74,0.8
1771354363642,NO,0.24,0,SELL,0.2,0.26
1771354363644,YES,0.77,100,BUY,0.77,0.8
1771354363644,NO,0.23,100,SELL,0.2,0.23
1771354363693,YES,0.78,3640,BUY,0.78,0.8
1771354363693,NO,0.22,3640,SELL,0.2,0.22
1771354364234,NO,0.14,2500,BUY,0.2,0.22
1771354364234,YES,0.86,2500,SELL,0.78,0.8
1771354364608,YES,0.71,0,BUY,0.78,0.8
1771354364608,NO,0.29,0,SELL,0.2,0.22
1771354365865,YES,0.73,2500,BUY,0.78,0.8
1771354365865,NO,0.27,2500,SELL,0.2,0.22
1771354367498,YES,0.7,0,BUY,0.78,0.8
1771354367498,NO,0.3,0,SELL,0.2,0.22
1771354367508,NO,0.43,0,SELL,0.2,0.22
1771354367508,YES,0.57,0,BUY,0.78,0.8
1771354368746,YES,0.1,216,BUY,0.78,0.8
1771354368746,NO,0.9,216,SELL,0.2,0.22
1771354368747,YES,0.02,375.29,BUY,0.78,0.8
1771354368747,NO,0.98,375.29,SELL,0.2,0.22
1771354373523,NO,0.25,15.4,SELL,0.2,0.22
1771354373523,YES,0.75,15.4,BUY,0.78,0.8
1771354375582,YES,0.78,3638.65,BUY,0.78,0.8
1771354375582,NO,0.22,3638.65,SELL,0.2,0.22
1771354379175,NO,0.17,3638.58,BUY,0.17,0.22
1771354379175,YES,0.83,3638.58,SELL,0.78,0.83
1771354379175,NO,0.2,0,BUY,0.17,0.22
1771354379175,YES,0.8,0,SELL,0.78,0.83
1771354380036,NO,0.16,12.5,BUY,0.17,0.22
1771354380036,YES,0.84,12.5,SELL,0.78,0.83
1771354380039,YES,0.77,0,BUY,0.78,0.83
1771354380039,NO,0.23,0,SELL,0.17,0.22
1771354380042,NO,0.17,3738.58,BUY,0.17,0.22
1771354380042,YES,0.83,3738.58,SELL,0.78,0.83
1771354380047,YES,0.76,11.71,BUY,0.78,0.83
1771354380047,NO,0.24,11.71,SELL,0.17,0.22
1771354380536,NO,0.17,100,BUY,0.17,0.22
1771354380536,YES,0.83,100,SELL,0.78,0.83
1771354380776,NO,0.18,3640,BUY,0.18,0.22
1771354380776,YES,0.82,3640,SELL,0.78,0.82
1771354382755,YES,0.76,0,BUY,0.78,0.82
1771354382755,NO,0.24,0,SELL,0.18,0.22
1771354382755,NO,0.17,0,BUY,0.18,0.22
1771354382755,YES,0.83,0,SELL,0.78,0.82
1771354382756,YES,0.75,115.4,BUY,0.78,0.82
1771354382756,NO,0.25,115.4,SELL,0.18,0.22
1771354382759,NO,0.18,3740,BUY,0.18,0.22
1771354382759,YES,0.82,3740,SELL,0.78,0.82
1771354385856,YES,0.75,15.4,BUY,0.78,0.82
1771354385856,NO,0.25,15.4,SELL,0.18,0.22
1771354385858,NO,0.18,3640,BUY,0.18,0.22
1771354385858,YES,0.82,3640,SELL,0.78,0.82
1771354385860,NO,0.17,100,BUY,0.18,0.22
1771354385860,YES,0.83,100,SELL,0.78,0.82
1771354385862,YES,0.76,11.71,BUY,0.78,0.82
1771354385862,NO,0.24,11.71,SELL,0.18,0.22
1771354385905,YES,0.76,0,BUY,0.78,0.82
1771354385905,NO,0.24,0,SELL,0.18,0.22
1771354385931,NO,0.17,0,BUY,0.18,0.22
1771354385931,YES,0.83,0,SELL,0.78,0.82
1771354385933,YES,0.75,115.4,BUY,0.78,0.82
1771354385933,NO,0.25,115.4,SELL,0.18,0.22
1771354385933,YES,0.78,0,BUY,0.75,0.82
1771354385933,NO,0.22,0,SELL,0.18,0.25
1771354385936,NO,0.18,3740,BUY,0.18,0.25
1771354385936,YES,0.82,3740,SELL,0.75,0.82
1771354385961,YES,0.84,374.5,SELL,0.75,0.82
1771354385961,NO,0.16,374.5,BUY,0.18,0.25
1771354385975,YES,0.77,3640,BUY,0.77,0.82
1771354385975,NO,0.23,3640,SELL,0.18,0.23
1771354387229,YES,0.84,12.5,SELL,0.77,0.82
1771354387229,NO,0.16,12.5,BUY,0.18,0.23
1771354387539,NO,0.03,33,BUY,0.18,0.23
1771354387539,YES,0.97,33,SELL,0.77,0.82
1771354387539,NO,0.06,60,BUY,0.18,0.23
1771354387539,YES,0.94,60,SELL,0.77,0.82
1771354387999,NO,0.18,100,BUY,0.18,0.23
1771354387999,YES,0.82,100,SELL,0.77,0.82
1771354388046,NO,0.19,3640,BUY,0.19,0.23
1771354388046,YES,0.81,3640,SELL,0.77,0.81
1771354388074,NO,0.04,5.52,BUY,0.19,0.23
1771354388074,YES,0.96,5.52,SELL,0.77,0.81
1771354388076,NO,0.02,487.92,BUY,0.19,0.23
1771354388076,YES,0.98,487.92,SELL,0.77,0.81
1771354388077,NO,0.06,66.44,BUY,0.19,0.23
1771354388077,YES,0.94,66.44,SELL,0.77,0.81
1771354388541,NO,0.18,0,BUY,0.19,0.23
1771354388541,YES,0.82,0,SELL,0.77,0.81
1771354388574,YES,0.75,15.4,BUY,0.77,0.81
1771354388574,NO,0.25,15.4,SELL,0.19,0.23
1771354388593,YES,0.74,17.71,BUY,0.77,0.81
1771354388593,NO,0.26,17.71,SELL,0.19,0.23
1771354388619,NO,0.19,3740,BUY,0.19,0.23
1771354388619,YES,0.81,3740,SELL,0.77,0.81
1771354388624,YES,0.03,33,BUY,0.77,0.81
1771354388624,NO,0.97,33,SELL,0.19,0.23
1771354388624,YES,0.06,60,BUY,0.77,0.81
1771354388624,NO,0.94,60,SELL,0.19,0.23
1771354388630,YES,0.77,0,BUY,0.75,0.81
1771354388630,NO,0.23,0,SELL,0.19,0.25
1771354388665,YES,0.86,2851,SELL,0.75,0.81
1771354388665,NO,0.14,2851,BUY,0.19,0.25
1771354388875,YES,0.73,0,BUY,0.75,0.81
1771354388875,NO,0.27,0,SELL,0.19,0.25
1771354388927,YES,0.75,3655.4,BUY,0.75,0.81
1771354388927,NO,0.25,3655.4,SELL,0.19,0.25
1771354389553,YES,0.71,2500,BUY,0.75,0.81
1771354389553,NO,0.29,2500,SELL,0.19,0.25
1771354389730,YES,0.86,2500,SELL,0.75,0.81
1771354389730,NO,0.14,2500,BUY,0.19,0.25
1771354389759,YES,0.8,362,SELL,0.75,0.8
1771354389759,NO,0.2,362,BUY,0.2,0.25
1771354389999,YES,0.04,35.05,BUY,0.75,0.8
1771354389999,NO,0.96,35.05,SELL,0.2,0.25
1771354390006,YES,0.02,381.11,BUY,0.75,0.8
1771354390006,NO,0.98,381.11,SELL,0.2,0.25
1771354390014,YES,0.06,65.9,BUY,0.75,0.8
1771354390014,NO,0.94,65.9,SELL,0.2,0.25
1771354390018,NO,0.14,0,BUY,0.2,0.25
1771354390018,YES,0.86,0,SELL,0.75,0.8
1771354390703,YES,0.75,3652.07,BUY,0.75,0.8
1771354390703,NO,0.25,3652.07,SELL,0.2,0.25
1771354391777,YES,0.1,116,BUY,0.75,0.8
1771354391777,NO,0.9,116,SELL,0.2,0.25
1771354391777,YES,0.02,181.11,BUY,0.75,0.8
1771354391777,NO,0.98,181.11,SELL,0.2,0.25
1771354391834,NO,0.16,2512.5,BUY,0.2,0.25
1771354391834,YES,0.84,2512.5,SELL,0.75,0.8
1771354396488,YES,0.74,6,BUY,0.75,0.8
1771354396488,NO,0.26,6,SELL,0.2,0.25
1771354396491,NO,0.18,100,BUY,0.2,0.25
1771354396491,YES,0.82,100,SELL,0.75,0.8
1771354396492,YES,0.75,3752.07,BUY,0.75,0.8
1771354396492,NO,0.25,3752.07,SELL,0.2,0.25
1771354396503,NO,0.19,3640,BUY,0.2,0.25
1771354396503,YES,0.81,3640,SELL,0.75,0.8
1771354396557,YES,0.75,115.4,BUY,0.75,0.8
1771354396557,NO,0.25,115.4,SELL,0.2,0.25
1771354396730,YES,0.76,3640,BUY,0.76,0.8
1771354396730,NO,0.24,3640,SELL,0.2,0.24
1771354396760,YES,0.8,0,SELL,0.76,0.81
1771354396760,NO,0.2,0,BUY,0.19,0.24
1771354397759,YES,0.1,216,BUY,0.76,0.81
1771354397759,NO,0.9,216,SELL,0.19,0.24
1771354397760,YES,0.02,381.11,BUY,0.76,0.81
1771354397760,NO,0.98,381.11,SELL,0.19,0.24
1771354399361,NO,0.18,0,BUY,0.19,0.24
1771354399361,YES,0.82,0,SELL,0.76,0.81
1771354399363,YES,0.76,3651.71,BUY,0.76,0.81
1771354399363,NO,0.24,3651.71,SELL,0.19,0.24
1771354399366,NO,0.17,100,BUY,0.19,0.24
1771354399366,YES,0.83,100,SELL,0.76,0.81
1771354399366,YES,0.75,15.4,BUY,0.76,0.81
1771354399366,NO,0.25,15.4,SELL,0.19,0.24
1771354399410,YES,0.76,3640,BUY,0.76,0.81
1771354399410,NO,0.24,3640,SELL,0.19,0.24
1771354399437,NO,0.17,0,BUY,0.19,0.24
1771354399437,YES,0.83,0,SELL,0.76,0.81
1771354399439,NO,0.18,100,BUY,0.19,0.24
1771354399439,YES,0.82,100,SELL,0.76,0.81
1771354399457,YES,0.75,115.4,BUY,0.76,0.81
1771354399457,NO,0.25,115.4,SELL,0.19,0.24
1771354399857,YES,0.75,165.4,BUY,0.76,0.81
1771354399857,NO,0.25,165.4,SELL,0.19,0.24
1771354403801,YES,0.74,0,BUY,0.76,0.81
1771354403801,NO,0.26,0,SELL,0.19,0.24
1771354406816,YES,0.76,3651.71,BUY,0.76,0.81
1771354406816,NO,0.24,3651.71,SELL,0.19,0.24
1771354406816,NO,0.18,0,BUY,0.19,0.24
1771354406816,YES,0.82,0,SELL,0.76,0.81
1771354406819,NO,0.17,100,BUY,0.19,0.24
1771354406819,YES,0.83,100,SELL,0.76,0.81
1771354406828,YES,0.75,65.4,BUY,0.76,0.81
1771354406828,NO,0.25,65.4,SELL,0.19,0.24
1771354406829,NO,0.19,0,BUY,0.17,0.24
1771354406829,YES,0.81,0,SELL,0.76,0.83
1771354406836,NO,0.16,2612.5,BUY,0.17,0.24
1771354406836,YES,0.84,2612.5,SELL,0.76,0.83
1771354406847,NO,0.17,0,BUY,0.16,0.24
1771354406847,YES,0.83,0,SELL,0.76,0.84
1771354406904,YES,0.76,3640,BUY,0.76,0.84
1771354406904,NO,0.24,3640,SELL,0.16,0.24
1771354406910,YES,0.77,100,BUY,0.77,0.84
1771354406910,NO,0.23,100,SELL,0.16,0.23
1771354406952,NO,0.17,3640,BUY,0.17,0.23
1771354406952,YES,0.83,3640,SELL,0.77,0.83
1771354407026,YES,0.76,0,BUY,0.77,0.83
1771354407026,NO,0.24,0,SELL,0.17,0.23
1771354407109,NO,0.16,112.5,BUY,0.17,0.23
1771354407109,YES,0.84,112.5,SELL,0.77,0.83
1771354407110,YES,0.71,0,BUY,0.77,0.83
1771354407110,NO,0.29,0,SELL,0.17,0.23
1771354407190,YES,0.78,3640,BUY,0.78,0.83
1771354407190,NO,0.22,3640,SELL,0.17,0.22
1771354408157,NO,0.14,2500,BUY,0.17,0.22
1771354408157,YES,0.86,2500,SELL,0.78,0.83
1771354408164,YES,0.73,2500,BUY,0.78,0.83
1771354408164,NO,0.27,2500,SELL,0.17,0.22
1771354411553,YES,0.76,11.71,BUY,0.78,0.83
1771354411553,NO,0.24,11.71,SELL,0.17,0.22
1771354411554,NO,0.16,12.5,BUY,0.17,0.22
1771354411554,YES,0.84,12.5,SELL,0.78,0.83
1771354411554,NO,0.17,3740,BUY,0.17,0.22
1771354411554,YES,0.83,3740,SELL,0.78,0.83
1771354411568,YES,0.77,0,BUY,0.78,0.83
1771354411568,NO,0.23,0,SELL,0.17,0.22
1771354412169,NO,0.17,100,BUY,0.17,0.22
1771354412169,YES,0.83,100,SELL,0.78,0.83
1771354412331,NO,0.18,3640,BUY,0.18,0.22
1771354412331,YES,0.82,3640,SELL,0.78,0.82
1771354413612,YES,0.76,0,BUY,0.78,0.82
1771354413612,NO,0.24,0,SELL,0.18,0.22
1771354413615,NO,0.17,0,BUY,0.18,0.22
1771354413615,YES,0.83,0,SELL,0.78,0.82
1771354413622,YES,0.75,165.4,BUY,0.78,0.82
1771354413622,NO,0.25,165.4,SELL,0.18,0.22
1771354413625,NO,0.18,3740,BUY,0.18,0.22
1771354413625,YES,0.82,3740,SELL,0.78,0.82
1771354414637,YES,0.78,0,BUY,0.75,0.82
1771354414637,NO,0.22,0,SELL,0.18,0.25
1771354414665,YES,0.84,376.5,SELL,0.75,0.82
1771354414665,NO,0.16,376.5,BUY,0.18,0.25
1771354414687,YES,0.77,3640,BUY,0.77,0.82
1771354414687,NO,0.23,3640,SELL,0.18,0.23
1771354415101,NO,0.18,100,BUY,0.18,0.23
1771354415101,YES,0.82,100,SELL,0.77,0.82
1771354415185,NO,0.19,3640,BUY,0.19,0.23
1771354415185,YES,0.81,3640,SELL,0.77,0.81
1771354415248,YES,0.75,65.4,BUY,0.77,0.81
1771354415248,NO,0.25,65.4,SELL,0.19,0.23
1771354415248,NO,0.18,0,BUY,0.19,0.23
1771354415248,YES,0.82,0,SELL,0.77,0.81
1771354415253,NO,0.19,3740,BUY,0.19,0.23
1771354415253,YES,0.81,3740,SELL,0.77,0.81
1771354415257,YES,0.74,11.71,BUY,0.77,0.81
1771354415257,NO,0.26,11.71,SELL,0.19,0.23
1771354415334,YES,0.77,0,BUY,0.75,0.81
1771354415334,NO,0.23,0,SELL,0.19,0.25
1771354415399,NO,0.19,100,BUY,0.19,0.25
1771354415399,YES,0.81,100,SELL,0.75,0.81
1771354415412,NO,0.19,0,BUY,0.16,0.25
1771354415412,YES,0.81,0,SELL,0.75,0.84
1771354415416,YES,0.73,2600,BUY,0.75,0.84
1771354415416,NO,0.27,2600,SELL,0.16,0.25
1771354415426,NO,0.2,100,BUY,0.2,0.25
1771354415426,YES,0.8,100,SELL,0.75,0.8
1771354415432,YES,0.74,0,BUY,0.75,0.8
1771354415432,NO,0.26,0,SELL,0.2,0.25
1771354415439,NO,0.17,100,BUY,0.2,0.25
1771354415439,YES,0.83,100,SELL,0.75,0.8
1771354415477,NO,0.2,0,BUY,0.17,0.25
1771354415477,YES,0.8,0,SELL,0.75,0.83
1771354415486,NO,0.17,0,BUY,0.16,0.25
1771354415486,YES,0.83,0,SELL,0.75,0.84
1771354415489,NO,0.19,100,BUY,0.19,0.25
1771354415489,YES,0.81,100,SELL,0.75,0.81
1771354415505,YES,0.73,2500,BUY,0.75,0.81
1771354415505,NO,0.27,2500,SELL,0.19,0.25
1771354415515,YES,0.74,11.71,BUY,0.75,0.81
1771354415515,NO,0.26,11.71,SELL,0.19,0.25
1771354415540,YES,0.74,0,BUY,0.75,0.81
1771354415540,NO,0.26,0,SELL,0.19,0.25
1771354415552,NO,0.2,100,BUY,0.2,0.25
1771354415552,YES,0.8,100,SELL,0.75,0.8
1771354415554,NO,0.19,0,BUY,0.2,0.25
1771354415554,YES,0.81,0,SELL,0.75,0.8
1771354415586,YES,0.73,2600,BUY,0.75,0.8
1771354415586,NO,0.27,2600,SELL,0.2,0.25
1771354415741,YES,0.75,3705.4,BUY,0.75,0.8
1771354415741,NO,0.25,3705.4,SELL,0.2,0.25
1771354415756,YES,0.73,100,BUY,0.75,0.8
1771354415756,NO,0.27,100,SELL,0.2,0.25
1771354415756,NO,0.14,0,BUY,0.2,0.25
1771354415756,YES,0.86,0,SELL,0.75,0.8
1771354416269,NO,0.2,0,BUY,0.16,0.25
1771354416269,YES,0.8,0,SELL,0.75,0.84
1771354416271,YES,0.73,0,BUY,0.75,0.84
1771354416271,NO,0.27,0,SELL,0.16,0.25
1771354416274,NO,0.19,100,BUY,0.19,0.25
1771354416274,YES,0.81,100,SELL,0.75,0.81
1771354416287,YES,0.74,11.71,BUY,0.75,0.81
1771354416287,NO,0.26,11.71,SELL,0.19,0.25
1771354416297,YES,0.84,12.5,SELL,0.75,0.81
1771354416297,NO,0.16,12.5,BUY,0.19,0.25
1771354416308,NO,0.17,100,BUY,0.19,0.25
1771354416308,YES,0.83,100,SELL,0.75,0.81
1771354416333,YES,0.88,224,SELL,0.75,0.81
1771354416333,NO,0.12,224,BUY,0.19,0.25
1771354416351,NO,0.19,0,BUY,0.17,0.25
1771354416351,YES,0.81,0,SELL,0.75,0.83
1771354416375,YES,0.74,0,BUY,0.75,0.83
1771354416375,NO,0.26,0,SELL,0.17,0.25
1771354416397,NO,0.17,0,BUY,0.16,0.25
1771354416397,YES,0.83,0,SELL,0.75,0.84
1771354416421,NO,0.2,100,BUY,0.2,0.25
1771354416421,YES,0.8,100,SELL,0.75,0.8
1771354416596,YES,0.73,100,BUY,0.75,0.8
1771354416596,NO,0.27,100,SELL,0.2,0.25
1771354416629,NO,0.17,100,BUY,0.2,0.25
1771354416629,YES,0.83,100,SELL,0.75,0.8
1771354416808,NO,0.2,0,BUY,0.17,0.25
1771354416808,YES,0.8,0,SELL,0.75,0.83
1771354416809,YES,0.73,0,BUY,0.75,0.83
1771354416809,NO,0.27,0,SELL,0.17,0.25
1771354416809,NO,0.17,0,BUY,0.16,0.25
1771354416809,YES,0.83,0,SELL,0.75,0.84
1771354416815,NO,0.19,100,BUY,0.19,0.25
1771354416815,YES,0.81,100,SELL,0.75,0.81
1771354416818,YES,0.74,11.71,BUY,0.75,0.81
1771354416818,NO,0.26,11.71,SELL,0.19,0.25
1771354416929,NO,0.16,2512.5,BUY,0.19,0.25
1771354416929,YES,0.84,2512.5,SELL,0.75,0.81
1771354416963,YES,0.71,2500,BUY,0.75,0.81
1771354416963,NO,0.29,2500,SELL,0.19,0.25
1771354416983,NO,0.17,100,BUY,0.19,0.25
1771354416983,YES,0.83,100,SELL,0.75,0.81
1771354416984,NO,0.18,100,BUY,0.19,0.25
1771354416984,YES,0.82,100,SELL,0.75,0.81
1771354416985,NO,0.19,0,BUY,0.18,0.25
1771354416985,YES,0.81,0,SELL,0.75,0.82
1771354417035,NO,0.19,3640,BUY,0.19,0.25
1771354417035,YES,0.81,3640,SELL,0.75,0.81
1771354417052,YES,0.73,100,BUY,0.75,0.81
1771354417052,NO,0.27,100,SELL,0.19,0.25
1771354417057,YES,0.74,0,BUY,0.75,0.81
1771354417057,NO,0.26,0,SELL,0.19,0.25
1771354417079,NO,0.18,0,BUY,0.19,0.25
1771354417079,YES,0.82,0,SELL,0.75,0.81
1771354417080,NO,0.17,0,BUY,0.19,0.25
1771354417080,YES,0.83,0,SELL,0.75,0.81
1771354417082,NO,0.19,3740,BUY,0.19,0.25
1771354417082,YES,0.81,3740,SELL,0.75,0.81
1771354417148,YES,0.74,11.71,BUY,0.75,0.81
1771354417148,NO,0.26,11.71,SELL,0.19,0.25
1771354417153,YES,0.73,0,BUY,0.75,0.81
1771354417153,NO,0.27,0,SELL,0.19,0.25
1771354421225,YES,0.1,116,BUY,0.75,0.81
1771354421225,NO,0.9,116,SELL,0.19,0.25
1771354421225,YES,0.02,181.11,BUY,0.75,0.81
1771354421225,NO,0.98,181.11,SELL,0.19,0.25
1771354421249,YES,0.88,5,SELL,0.75,0.81
1771354421249,NO,0.12,5,BUY,0.19,0.25
1771354421282,YES,0.8,370,SELL,0.75,0.8
1771354421282,NO,0.2,370,BUY,0.2,0.25
1771354422505,YES,0.75,3805.4,BUY,0.75,0.8
1771354422505,NO,0.25,3805.4,SELL,0.2,0.25
1771354422506,YES,0.74,0,BUY,0.75,0.8
1771354422506,NO,0.26,0,SELL,0.2,0.25
1771354422506,NO,0.18,100,BUY,0.2,0.25
1771354422506,YES,0.82,100,SELL,0.75,0.8
1771354422515,NO,0.19,3640,BUY,0.2,0.25
1771354422515,YES,0.81,3640,SELL,0.75,0.8
1771354422553,YES,0.75,165.4,BUY,0.75,0.8
1771354422553,NO,0.25,165.4,SELL,0.2,0.25
1771354422641,YES,0.76,3640,BUY,0.76,0.8
1771354422641,NO,0.24,3640,SELL,0.2,0.24
1771354422668,YES,0.8,0,SELL,0.76,0.81
1771354422668,NO,0.2,0,BUY,0.19,0.24
1771354422800,YES,0.75,65.4,BUY,0.76,0.81
1771354422800,NO,0.25,65.4,SELL,0.19,0.24
1771354422801,NO,0.19,3740,BUY,0.19,0.24
1771354422801,YES,0.81,3740,SELL,0.76,0.81
1771354422802,NO,0.18,0,BUY,0.19,0.24
1771354422802,YES,0.82,0,SELL,0.76,0.81
1771354422804,YES,0.74,11.71,BUY,0.76,0.81
1771354422804,NO,0.26,11.71,SELL,0.19,0.24
1771354426673,NO,0.25,70.4,SELL,0.19,0.24
1771354426673,YES,0.75,70.4,BUY,0.76,0.81
1771354426965,YES,0.75,170.4,BUY,0.76,0.81
1771354426965,NO,0.25,170.4,SELL,0.19,0.24
1771354426966,NO,0.19,3640,BUY,0.19,0.24
1771354426966,YES,0.81,3640,SELL,0.76,0.81
1771354426970,YES,0.74,0,BUY,0.76,0.81
1771354426970,NO,0.26,0,SELL,0.19,0.24
1771354426971,NO,0.18,100,BUY,0.19,0.24
1771354426971,YES,0.82,100,SELL,0.76,0.81
1771354427310,YES,0.75,70.4,BUY,0.76,0.81
1771354427310,NO,0.25,70.4,SELL,0.19,0.24
1771354427314,NO,0.18,0,BUY,0.19,0.24
1771354427314,YES,0.82,0,SELL,0.76,0.81
1771354427318,NO,0.19,3740,BUY,0.19,0.24
1771354427318,YES,0.81,3740,SELL,0.76,0.81
1771354427319,YES,0.74,11.71,BUY,0.76,0.81
1771354427319,NO,0.26,11.71,SELL,0.19,0.24
1771354427572,NO,0.19,3640,BUY,0.19,0.24
1771354427572,YES,0.81,3640,SELL,0.76,0.81
1771354427575,NO,0.18,100,BUY,0.19,0.24
1771354427575,YES,0.82,100,SELL,0.76,0.81
1771354427583,YES,0.74,0,BUY,0.76,0.81
1771354427583,NO,0.26,0,SELL,0.19,0.24
1771354427583,YES,0.75,170.4,BUY,0.76,0.81
1771354427583,NO,0.25,170.4,SELL,0.19,0.24
1771354428224,YES,0.02,381.11,BUY,0.76,0.81
1771354428224,NO,0.98,381.11,SELL,0.19,0.24
1771354428224,YES,0.1,216,BUY,0.76,0.81
1771354428224,NO,0.9,216,SELL,0.19,0.24
1771354428769,NO,0.19,0,BUY,0.18,0.24
1771354428769,YES,0.81,0,SELL,0.76,0.82
1771354428836,NO,0.18,0,BUY,0.16,0.24
1771354428836,YES,0.82,0,SELL,0.76,0.84
1771354428838,NO,0.17,100,BUY,0.17,0.24
1771354428838,YES,0.83,100,SELL,0.76,0.83
1771354428841,YES,0.75,70.4,BUY,0.76,0.83
1771354428841,NO,0.25,70.4,SELL,0.17,0.24
1771354428847,YES,0.76,3651.71,BUY,0.76,0.83
1771354428847,NO,0.24,3651.71,SELL,0.17,0.24
1771354428858,NO,0.18,3640,BUY,0.18,0.24
1771354428858,YES,0.82,3640,SELL,0.76,0.82
1771354428877,YES,0.76,3640,BUY,0.76,0.82
1771354428877,NO,0.24,3640,SELL,0.18,0.24
1771354428921,NO,0.17,0,BUY,0.18,0.24
1771354428921,YES,0.83,0,SELL,0.76,0.82
1771354428923,NO,0.18,3740,BUY,0.18,0.24
1771354428923,YES,0.82,3740,SELL,0.76,0.82
1771354428924,YES,0.75,170.4,BUY,0.76,0.82
1771354428924,NO,0.25,170.4,SELL,0.18,0.24
1771354430680,NO,0.18,100,BUY,0.18,0.24
1771354430680,YES,0.82,100,SELL,0.76,0.82
1771354430756,NO,0.19,3640,BUY,0.19,0.24
1771354430756,YES,0.81,3640,SELL,0.76,0.81
1771354435258,NO,0.18,0,BUY,0.19,0.24
1771354435258,YES,0.82,0,SELL,0.76,0.81
1771354435259,YES,0.75,70.4,BUY,0.76,0.81
1771354435259,NO,0.25,70.4,SELL,0.19,0.24
1771354435264,NO,0.19,3740,BUY,0.19,0.24
1771354435264,YES,0.81,3740,SELL,0.76,0.81
1771354435267,YES,0.74,11.71,BUY,0.76,0.81
1771354435267,NO,0.26,11.71,SELL,0.19,0.24
1771354445221,NO,0.19,100,BUY,0.19,0.24
1771354445221,YES,0.81,100,SELL,0.76,0.81
1771354445291,NO,0.18,3640,BUY,0.19,0.24
1771354445291,YES,0.82,3640,SELL,0.76,0.81
1771354450045,NO,0.18,3740,BUY,0.19,0.24
1771354450045,YES,0.82,3740,SELL,0.76,0.81
1771354450046,YES,0.74,0,BUY,0.76,0.81
1771354450046,NO,0.26,0,SELL,0.19,0.24
1771354450047,NO,0.19,0,BUY,0.18,0.24
1771354450047,YES,0.81,0,SELL,0.76,0.82
1771354450049,YES,0.75,170.4,BUY,0.76,0.82
1771354450049,NO,0.25,170.4,SELL,0.18,0.24
1771354450333,NO,0.16,12.5,BUY,0.18,0.24
1771354450333,YES,0.84,12.5,SELL,0.76,0.82
1771354450799,NO,0.14,2500,BUY,0.18,0.24
1771354450799,YES,0.86,2500,SELL,0.76,0.82
1771354452925,YES,0.71,0,BUY,0.76,0.82
1771354452925,NO,0.29,0,SELL,0.18,0.24
1771354454168,YES,0.73,2500,BUY,0.76,0.82
1771354454168,NO,0.27,2500,SELL,0.18,0.24
1771354456673,YES,0.74,11.71,BUY,0.76,0.82
1771354456673,NO,0.26,11.71,SELL,0.18,0.24
1771354456673,NO,0.18,3640,BUY,0.18,0.24
1771354456673,YES,0.82,3640,SELL,0.76,0.82
1771354456677,YES,0.75,70.4,BUY,0.76,0.82
1771354456677,NO,0.25,70.4,SELL,0.18,0.24
1771354456684,NO,0.19,100,BUY,0.19,0.24
1771354456684,YES,0.81,100,SELL,0.76,0.81
1771354456693,NO,0.18,0,BUY,0.19,0.24
1771354456693,YES,0.82,0,SELL,0.76,0.81
1771354456733,NO,0.19,3740,BUY,0.19,0.24
1771354456733,YES,0.81,3740,SELL,0.76,0.81
1771354458997,NO,0.19,3640,BUY,0.19,0.24
1771354458997,YES,0.81,3640,SELL,0.76,0.81
1771354459000,YES,0.74,0,BUY,0.76,0.81
1771354459000,NO,0.26,0,SELL,0.19,0.24
1771354459002,NO,0.18,100,BUY,0.19,0.24
1771354459002,YES,0.82,100,SELL,0.76,0.81
1771354459006,YES,0.75,170.4,BUY,0.76,0.81
1771354459006,NO,0.25,170.4,SELL,0.19,0.24
1771354459031,YES,0.75,70.4,BUY,0.76,0.81
1771354459031,NO,0.25,70.4,SELL,0.19,0.24
1771354459072,NO,0.18,0,BUY,0.19,0.24
1771354459072,YES,0.82,0,SELL,0.76,0.81
1771354459075,NO,0.19,3740,BUY,0.19,0.24
1771354459075,YES,0.81,3740,SELL,0.76,0.81
1771354459079,YES,0.74,11.71,BUY,0.76,0.81
1771354459079,NO,0.26,11.71,SELL,0.19,0.24
1771354465361,YES,0.73,0,BUY,0.76,0.81
1771354465361,NO,0.27,0,SELL,0.19,0.24
1771354466113,YES,0.71,2500,BUY,0.76,0.81
1771354466113,NO,0.29,2500,SELL,0.19,0.24
1771354467017,NO,0.19,3640,BUY,0.19,0.24
1771354467017,YES,0.81,3640,SELL,0.76,0.81
1771354467018,YES,0.74,0,BUY,0.76,0.81
1771354467018,NO,0.26,0,SELL,0.19,0.24
1771354467019,YES,0.75,170.4,BUY,0.76,0.81
1771354467019,NO,0.25,170.4,SELL,0.19,0.24
1771354467023,NO,0.18,100,BUY,0.19,0.24
1771354467023,YES,0.82,100,SELL,0.76,0.81
1771354468014,NO,0.2,100,BUY,0.2,0.24
1771354468014,YES,0.8,100,SELL,0.76,0.8
1771354469136,YES,0.75,70.4,BUY,0.76,0.8
1771354469136,NO,0.25,70.4,SELL,0.2,0.24
1771354469137,NO,0.19,3740,BUY,0.2,0.24
1771354469137,YES,0.81,3740,SELL,0.76,0.8
1771354469138,NO,0.18,0,BUY,0.2,0.24
1771354469138,YES,0.82,0,SELL,0.76,0.8
1771354469139,YES,0.74,11.71,BUY,0.76,0.8
1771354469139,NO,0.26,11.71,SELL,0.2,0.24
1771354469904,NO,0.18,100,BUY,0.2,0.24
1771354469904,YES,0.82,100,SELL,0.76,0.8
1771354469905,YES,0.74,0,BUY,0.76,0.8
1771354469905,NO,0.26,0,SELL,0.2,0.24
1771354469906,NO,0.19,3640,BUY,0.2,0.24
1771354469906,YES,0.81,3640,SELL,0.76,0.8
1771354469916,YES,0.75,170.4,BUY,0.76,0.8
1771354469916,NO,0.25,170.4,SELL,0.2,0.24
1771354473398,NO,0.19,0,BUY,0.2,0.24
1771354473398,YES,0.81,0,SELL,0.76,0.8
1771354473486,NO,0.18,3740,BUY,0.2,0.24
1771354473486,YES,0.82,3740,SELL,0.76,0.8
1771354474071,YES,0.71,0,BUY,0.76,0.8
1771354474071,NO,0.29,0,SELL,0.2,0.24
1771354475946,YES,0.73,2500,BUY,0.76,0.8
1771354475946,NO,0.27,2500,SELL,0.2,0.24
1771354476105,YES,0.02,181.11,BUY,0.76,0.8
1771354476105,NO,0.98,181.11,SELL,0.2,0.24
1771354476105,YES,0.1,116,BUY,0.76,0.8
1771354476105,NO,0.9,116,SELL,0.2,0.24
1771354479769,YES,0.75,70.4,BUY,0.76,0.8
1771354479769,NO,0.25,70.4,SELL,0.2,0.24
1771354479770,NO,0.18,3640,BUY,0.2,0.24
1771354479770,YES,0.82,3640,SELL,0.76,0.8
1771354479770,YES,0.76,3651.71,BUY,0.76,0.8
1771354479770,NO,0.24,3651.71,SELL,0.2,0.24
1771354479771,NO,0.17,100,BUY,0.2,0.24
1771354479771,YES,0.83,100,SELL,0.76,0.8
1771354479814,NO,0.18,0,BUY,0.2,0.24
1771354479814,YES,0.82,0,SELL,0.76,0.8
1771354479872,NO,0.17,3740,BUY,0.2,0.24
1771354479872,YES,0.83,3740,SELL,0.76,0.8
1771354482329,YES,0.1,216,BUY,0.76,0.8
1771354482329,NO,0.9,216,SELL,0.2,0.24
1771354482330,YES,0.02,381.11,BUY,0.76,0.8
1771354482330,NO,0.98,381.11,SELL,0.2,0.24
1771354487902,NO,0.2,200,BUY,0.2,0.24
1771354487902,YES,0.8,200,SELL,0.76,0.8
1771354488026,NO,0.17,100,BUY,0.2,0.24
1771354488026,YES,0.83,100,SELL,0.76,0.8
1771354488071,NO,0.18,3640,BUY,0.2,0.24
1771354488071,YES,0.82,3640,SELL,0.76,0.8
1771354488182,NO,0.17,0,BUY,0.2,0.24
1771354488182,YES,0.83,0,SELL,0.76,0.8
1771354488183,NO,0.18,3740,BUY,0.2,0.24
1771354488183,YES,0.82,3740,SELL,0.76,0.8
1771354488198,YES,0.76,3640,BUY,0.76,0.8
1771354488198,NO,0.24,3640,SELL,0.2,0.24
1771354488199,YES,0.75,170.4,BUY,0.76,0.8
1771354488199,NO,0.25,170.4,SELL,0.2,0.24
1771354494877,NO,0.18,100,BUY,0.2,0.24
1771354494877,YES,0.82,100,SELL,0.76,0.8
1771354494877,YES,0.76,0,BUY,0.75,0.8
1771354494877,NO,0.24,0,SELL,0.2,0.25
1771354494904,YES,0.84,311.5,SELL,0.75,0.8
1771354494904,NO,0.16,311.5,BUY,0.2,0.25
1771354499768,YES,0.1,116,BUY,0.75,0.8
1771354499768,NO,0.9,116,SELL,0.2,0.25
1771354499768,YES,0.02,181.11,BUY,0.75,0.8
1771354499768,NO,0.98,181.11,SELL,0.2,0.25
1771354499882,NO,0.18,0,BUY,0.2,0.25
1771354499882,YES,0.82,0,SELL,0.75,0.8
1771354499883,YES,0.76,11.71,BUY,0.76,0.8
1771354499883,NO,0.24,11.71,SELL,0.2,0.24
1771354499885,YES,0.75,70.4,BUY,0.76,0.8
1771354499885,NO,0.25,70.4,SELL,0.2,0.24
1771354499893,NO,0.17,100,BUY,0.2,0.24
1771354499893,YES,0.83,100,SELL,0.76,0.8
1771354499908,YES,0.84,12.5,SELL,0.76,0.8
1771354499908,NO,0.16,12.5,BUY,0.2,0.24
1771354499911,YES,0.76,0,BUY,0.75,0.8
1771354499911,NO,0.24,0,SELL,0.2,0.25
1771354499941,YES,0.83,324,SELL,0.75,0.8
1771354499941,NO,0.17,324,BUY,0.2,0.25
1771354499987,YES,0.76,100,BUY,0.76,0.8
1771354499987,NO,0.24,100,SELL,0.2,0.24
1771354500075,NO,0.17,224,BUY,0.2,0.24
1771354500075,YES,0.83,224,SELL,0.76,0.8
1771354500076,YES,0.75,82.11,BUY,0.76,0.8
1771354500076,NO,0.25,82.11,SELL,0.2,0.24
1771354500083,YES,0.76,0,BUY,0.75,0.8
1771354500083,NO,0.24,0,SELL,0.2,0.25
1771354500083,NO,0.18,100,BUY,0.2,0.25
1771354500083,YES,0.82,100,SELL,0.75,0.8
1771354500163,NO,0.18,0,BUY,0.2,0.25
1771354500163,YES,0.82,0,SELL,0.75,0.8
1771354500164,NO,0.17,324,BUY,0.2,0.25
1771354500164,YES,0.83,324,SELL,0.75,0.8
1771354500174,YES,0.75,70.4,BUY,0.75,0.8
1771354500174,NO,0.25,70.4,SELL,0.2,0.25
1771354500176,YES,0.76,100,BUY,0.76,0.8
1771354500176,NO,0.24,100,SELL,0.2,0.24
1771354501230,YES,0.83,100,SELL,0.76,0.8
1771354501230,NO,0.17,100,BUY,0.2,0.24
1771354503573,NO,0.17,0,BUY,0.2,0.24
1771354503573,YES,0.83,0,SELL,0.76,0.8
1771354503575,YES,0.75,82.11,BUY,0.76,0.8
1771354503575,NO,0.25,82.11,SELL,0.2,0.24
1771354503576,YES,0.76,0,BUY,0.75,0.8
1771354503576,NO,0.24,0,SELL,0.2,0.25
1771354503576,NO,0.18,100,BUY,0.2,0.25
1771354503576,YES,0.82,100,SELL,0.75,0.8
1771354503600,NO,0.18,0,BUY,0.2,0.25
1771354503600,YES,0.82,0,SELL,0.75,0.8
1771354503607,YES,0.84,246.5,SELL,0.75,0.8
1771354503607,NO,0.16,246.5,BUY,0.2,0.25
1771354503676,NO,0.18,100,BUY,0.2,0.25
1771354503676,YES,0.82,100,SELL,0.75,0.8
1771354505790,YES,0.75,3722.11,BUY,0.75,0.8
1771354505790,NO,0.25,3722.11,SELL,0.2,0.25
1771354505979,NO,0.17,3640,BUY,0.2,0.25
1771354505979,YES,0.83,3640,SELL,0.75,0.8
1771354506002,YES,0.84,12.5,SELL,0.75,0.8
1771354506002,NO,0.16,12.5,BUY,0.2,0.25
1771354506037,YES,0.82,451,SELL,0.75,0.8
1771354506037,NO,0.18,451,BUY,0.2,0.25
1771354507080,NO,0.18,351,BUY,0.2,0.25
1771354507080,YES,0.82,351,SELL,0.75,0.8
1771354507082,YES,0.76,100,BUY,0.76,0.8
1771354507082,NO,0.24,100,SELL,0.2,0.24
1771354507092,NO,0.17,3740,BUY,0.2,0.24
1771354507092,YES,0.83,3740,SELL,0.76,0.8
1771354507094,YES,0.75,3710.4,BUY,0.76,0.8
1771354507094,NO,0.25,3710.4,SELL,0.2,0.24
1771354507116,YES,0.82,0,SELL,0.76,0.8
1771354507116,NO,0.18,0,BUY,0.2,0.24
1771354507205,YES,0.75,70.4,BUY,0.76,0.8
1771354507205,NO,0.25,70.4,SELL,0.2,0.24
1771354507394,YES,0.77,3640,BUY,0.77,0.8
1771354507394,NO,0.23,3640,SELL,0.2,0.23
1771354511733,YES,0.02,381.11,BUY,0.77,0.8
1771354511733,NO,0.98,381.11,SELL,0.2,0.23
1771354511733,YES,0.1,216,BUY,0.77,0.8
1771354511733,NO,0.9,216,SELL,0.2,0.23
1771354519537,YES,0.76,0,BUY,0.77,0.8
1771354519537,NO,0.24,0,SELL,0.2,0.23
1771354519539,YES,0.77,3651.71,BUY,0.77,0.8
1771354519539,NO,0.23,3651.71,SELL,0.2,0.23
1771354519540,NO,0.16,112.5,BUY,0.2,0.23
1771354519540,YES,0.84,112.5,SELL,0.77,0.8
1771354519544,NO,0.17,3640,BUY,0.2,0.23
1771354519544,YES,0.83,3640,SELL,0.77,0.8
1771354519680,NO,0.17,0,BUY,0.2,0.23
1771354519680,YES,0.83,0,SELL,0.77,0.8
1771354519746,NO,0.14,0,BUY,0.2,0.23
1771354519746,YES,0.86,0,SELL,0.77,0.8
1771354520032,NO,0.16,3752.5,BUY,0.2,0.23
1771354520032,YES,0.84,3752.5,SELL,0.77,0.8
1771354520125,NO,0.2,0,BUY,0.16,0.23
1771354520125,YES,0.8,0,SELL,0.77,0.84
1771354520255,NO,0.12,2505,BUY,0.16,0.23
1771354520255,YES,0.88,2505,SELL,0.77,0.84
1771354521789,NO,0.16,3742.97,BUY,0.16,0.23
1771354521789,YES,0.84,3742.97,SELL,0.77,0.84
1771354522290,YES,0.75,20.4,BUY,0.77,0.84
1771354522290,NO,0.25,20.4,SELL,0.16,0.23
1771354522759,NO,0.02,482,BUY,0.16,0.23
1771354522759,YES,0.98,482,SELL,0.77,0.84
1771354522759,NO,0.04,0,BUY,0.16,0.23
1771354522759,YES,0.96,0,SELL,0.77,0.84
1771354522759,YES,0.02,375.29,BUY,0.77,0.84
1771354522759,NO,0.98,375.29,SELL,0.16,0.23
1771354522759,YES,0.04,30,BUY,0.77,0.84
1771354522759,NO,0.96,30,SELL,0.16,0.23
1771354523309,YES,0.02,175.29,BUY,0.77,0.84
1771354523309,NO,0.98,175.29,SELL,0.16,0.23
1771354523309,YES,0.1,116,BUY,0.77,0.84
1771354523309,NO,0.9,116,SELL,0.16,0.23
1771354523387,NO,0.03,43.59,BUY,0.16,0.23
1771354523387,YES,0.97,43.59,SELL,0.77,0.84
1771354523388,YES,0.03,42.91,BUY,0.77,0.84
1771354523388,NO,0.97,42.91,SELL,0.16,0.23
1771354525236,YES,0.73,0,BUY,0.77,0.84
1771354525236,NO,0.27,0,SELL,0.16,0.23
1771354527069,YES,0.75,2520.4,BUY,0.77,0.84
1771354527069,NO,0.25,2520.4,SELL,0.16,0.23
1771354534064,YES,0.78,100,BUY,0.78,0.84
1771354534064,NO,0.22,100,SELL,0.16,0.22
1771354534065,NO,0.16,3642.97,BUY,0.16,0.22
1771354534065,YES,0.84,3642.97,SELL,0.78,0.84
1771354534068,NO,0.15,100,BUY,0.16,0.22
1771354534068,YES,0.85,100,SELL,0.78,0.84
1771354534069,YES,0.77,3640,BUY,0.78,0.84
1771354534069,NO,0.23,3640,SELL,0.16,0.22
1771354534106,YES,0.78,0,BUY,0.77,0.84
1771354534106,NO,0.22,0,SELL,0.16,0.23
1771354534139,NO,0.15,0,BUY,0.16,0.23
1771354534139,YES,0.85,0,SELL,0.77,0.84
1771354534140,NO,0.16,3742.97,BUY,0.16,0.23
1771354534140,YES,0.84,3742.97,SELL,0.77,0.84
1771354534149,YES,0.77,3651.71,BUY,0.77,0.84
1771354534149,NO,0.23,3651.71,SELL,0.16,0.23
1771354535766,NO,0.16,3642.97,BUY,0.16,0.23
1771354535766,YES,0.84,3642.97,SELL,0.77,0.84
1771354535768,YES,0.78,100,BUY,0.78,0.84
1771354535768,NO,0.22,100,SELL,0.16,0.22
1771354535769,YES,0.77,3640,BUY,0.78,0.84
1771354535769,NO,0.23,3640,SELL,0.16,0.22
1771354535784,NO,0.15,100,BUY,0.16,0.22
1771354535784,YES,0.85,100,SELL,0.78,0.84
1771354535893,YES,0.77,0,BUY,0.78,0.84
1771354535893,NO,0.23,0,SELL,0.16,0.22
1771354536074,YES,0.79,3640,BUY,0.79,0.84
1771354536074,NO,0.21,3640,SELL,0.16,0.21
1771354540341,NO,0.16,2.97,BUY,0.16,0.21
1771354540341,YES,0.84,2.97,SELL,0.79,0.84
1771354540372,YES,0.78,0,BUY,0.79,0.84
1771354540372,NO,0.22,0,SELL,0.16,0.21
1771354540373,YES,0.79,3651.71,BUY,0.79,0.84
1771354540373,NO,0.21,3651.71,SELL,0.16,0.21
1771354540375,NO,0.15,0,BUY,0.16,0.21
1771354540375,YES,0.85,0,SELL,0.79,0.84
1771354540375,NO,0.14,100,BUY,0.16,0.21
1771354540375,YES,0.86,100,SELL,0.79,0.84
1771354540454,YES,0.79,3640,BUY,0.79,0.84
1771354540454,NO,0.21,3640,SELL,0.16,0.21
1771354540461,YES,0.78,100,BUY,0.79,0.84
1771354540461,NO,0.22,100,SELL,0.16,0.21
1771354540463,NO,0.15,100,BUY,0.16,0.21
1771354540463,YES,0.85,100,SELL,0.79,0.84
1771354540464,NO,0.14,0,BUY,0.16,0.21
1771354540464,YES,0.86,0,SELL,0.79,0.84
1771354540489,NO,0.15,0,BUY,0.16,0.21
1771354540489,YES,0.85,0,SELL,0.79,0.84
1771354540515,NO,0.14,3640,BUY,0.16,0.21
1771354540515,YES,0.86,3640,SELL,0.79,0.84
1771354540533,YES,0.78,0,BUY,0.79,0.84
1771354540533,NO,0.22,0,SELL,0.16,0.21
1771354540537,YES,0.79,3651.71,BUY,0.79,0.84
1771354540537,NO,0.21,3651.71,SELL,0.16,0.21
1771354540543,NO,0.14,3740,BUY,0.16,0.21
1771354540543,YES,0.86,3740,SELL,0.79,0.84
1771354540695,NO,0.14,100,BUY,0.16,0.21
1771354540695,YES,0.86,100,SELL,0.79,0.84
1771354540745,NO,0.14,0,BUY,0.16,0.21
1771354540745,YES,0.86,0,SELL,0.79,0.84
1771354540745,NO,0.15,100,BUY,0.16,0.21
1771354540745,YES,0.85,100,SELL,0.79,0.84
1771354540746,YES,0.79,3640,BUY,0.79,0.84
1771354540746,NO,0.21,3640,SELL,0.16,0.21
1771354540747,YES,0.78,100,BUY,0.79,0.84
1771354540747,NO,0.22,100,SELL,0.16,0.21
1771354541012,NO,0.15,3740,BUY,0.16,0.21
1771354541012,YES,0.85,3740,SELL,0.79,0.84
1771354541088,YES,0.02,375.29,BUY,0.79,0.84
1771354541088,NO,0.98,375.29,SELL,0.16,0.21
1771354541090,YES,0.1,216,BUY,0.79,0.84
1771354541090,NO,0.9,216,SELL,0.16,0.21
1771354541597,NO,0.15,3640,BUY,0.16,0.21
1771354541597,YES,0.85,3640,SELL,0.79,0.84
1771354541597,YES,0.78,0,BUY,0.79,0.84
1771354541597,NO,0.22,0,SELL,0.16,0.21
1771354541599,YES,0.79,3651.71,BUY,0.79,0.84
1771354541599,NO,0.21,3651.71,SELL,0.16,0.21
1771354541601,NO,0.14,100,BUY,0.16,0.21
1771354541601,YES,0.86,100,SELL,0.79,0.84
1771354542340,NO,0.12,5,BUY,0.16,0.21
1771354542340,YES,0.88,5,SELL,0.79,0.84
1771354542970,NO,0.1,2616,BUY,0.16,0.21
1771354542970,YES,0.9,2616,SELL,0.79,0.84
1771354545491,NO,0.01,2377,BUY,0.16,0.21
1771354545491,YES,0.99,2377,SELL,0.79,0.84
1771354547567,YES,0.02,175.29,BUY,0.79,0.84
1771354547567,NO,0.98,175.29,SELL,0.16,0.21
1771354547567,YES,0.1,116,BUY,0.79,0.84
1771354547567,NO,0.9,116,SELL,0.16,0.21
1771354562326,NO,0.14,0,BUY,0.16,0.21
1771354562326,YES,0.86,0,SELL,0.79,0.84
1771354562327,YES,0.79,3640,BUY,0.79,0.84
1771354562327,NO,0.21,3640,SELL,0.16,0.21
1771354562328,YES,0.8,100,BUY,0.8,0.84
1771354562328,NO,0.2,100,SELL,0.16,0.2
1771354562330,NO,0.13,100,BUY,0.16,0.2
1771354562330,YES,0.87,100,SELL,0.8,0.84
1771354562352,NO,0.15,0,BUY,0.16,0.2
1771354562352,YES,0.85,0,SELL,0.8,0.84
1771354562379,YES,0.79,0,BUY,0.8,0.84
1771354562379,NO,0.21,0,SELL,0.16,0.2
1771354562475,YES,0.81,3640,BUY,0.81,0.84
1771354562475,NO,0.19,3640,SELL,0.16,0.19
1771354562594,NO,0.14,3640,BUY,0.16,0.19
1771354562594,YES,0.86,3640,SELL,0.81,0.84
1771354562698,YES,0.75,20.4,BUY,0.81,0.84
1771354562698,NO,0.25,20.4,SELL,0.16,0.19
1771354563303,YES,0.77,2500,BUY,0.81,0.84
1771354563303,NO,0.23,2500,SELL,0.16,0.19
1771354565195,YES,0.02,375.29,BUY,0.81,0.84
1771354565195,NO,0.98,375.29,SELL,0.16,0.19
1771354565196,YES,0.1,216,BUY,0.81,0.84
1771354565196,NO,0.9,216,SELL,0.16,0.19
1771354568899,NO,0.13,0,BUY,0.16,0.19
1771354568899,YES,0.87,0,SELL,0.81,0.84
1771354568903,YES,0.79,11.71,BUY,0.81,0.84
1771354568903,NO,0.21,11.71,SELL,0.16,0.19
1771354568903,YES,0.8,0,BUY,0.81,0.84
1771354568903,NO,0.2,0,SELL,0.16,0.19
1771354568904,NO,0.14,3740,BUY,0.16,0.19
1771354568904,YES,0.86,3740,SELL,0.81,0.84
1771354569826,YES,0.79,0,BUY,0.81,0.84
1771354569826,NO,0.21,0,SELL,0.16,0.19
1771354569834,YES,0.8,100,BUY,0.81,0.84
1771354569834,NO,0.2,100,SELL,0.16,0.19
1771354569835,NO,0.14,3640,BUY,0.16,0.19
1771354569835,YES,0.86,3640,SELL,0.81,0.84
1771354569870,NO,0.13,100,BUY,0.16,0.19
1771354569870,YES,0.87,100,SELL,0.81,0.84
1771354573134,YES,0.81,3651.71,BUY,0.81,0.84
1771354573134,NO,0.19,3651.71,SELL,0.16,0.19
1771354573135,NO,0.13,0,BUY,0.16,0.19
1771354573135,YES,0.87,0,SELL,0.81,0.84
1771354573139,YES,0.8,0,BUY,0.81,0.84
1771354573139,NO,0.2,0,SELL,0.16,0.19
1771354573143,NO,0.12,105,BUY,0.16,0.19
1771354573143,YES,0.88,105,SELL,0.81,0.84
1771354573160,YES,0.81,3640,BUY,0.81,0.84
1771354573160,NO,0.19,3640,SELL,0.16,0.19
1771354573210,NO,0.12,5,BUY,0.16,0.19
1771354573210,YES,0.88,5,SELL,0.81,0.84
1771354573212,NO,0.13,100,BUY,0.16,0.19
1771354573212,YES,0.87,100,SELL,0.81,0.84
1771354573218,YES,0.8,100,BUY,0.81,0.84
1771354573218,NO,0.2,100,SELL,0.16,0.19
1771354581957,NO,0.14,3740,BUY,0.16,0.19
1771354581957,YES,0.86,3740,SELL,0.81,0.84
1771354581961,YES,0.79,11.71,BUY,0.81,0.84
1771354581961,NO,0.21,11.71,SELL,0.16,0.19
1771354581961,YES,0.8,0,BUY,0.81,0.84
1771354581961,NO,0.2,0,SELL,0.16,0.19
1771354581966,NO,0.13,0,BUY,0.16,0.19
1771354581966,YES,0.87,0,SELL,0.81,0.84
1771354582106,NO,0.14,100,BUY,0.16,0.19
1771354582106,YES,0.86,100,SELL,0.81,0.84
1771354582147,NO,0.15,3640,BUY,0.16,0.19
1771354582147,YES,0.85,3640,SELL,0.81,0.84
1771354582972,YES,0.02,175.29,BUY,0.81,0.84
1771354582972,NO,0.98,175.29,SELL,0.16,0.19
1771354582972,YES,0.1,116,BUY,0.81,0.84
1771354582972,NO,0.9,116,SELL,0.16,0.19
1771354584851,NO,0.14,0,BUY,0.16,0.19
1771354584851,YES,0.86,0,SELL,0.81,0.84
1771354584852,NO,0.13,100,BUY,0.16,0.19
1771354584852,YES,0.87,100,SELL,0.81,0.84
1771354584853,YES,0.8,100,BUY,0.81,0.84
1771354584853,NO,0.2,100,SELL,0.16,0.19
1771354584854,YES,0.79,0,BUY,0.81,0.84
1771354584854,NO,0.21,0,SELL,0.16,0.19
1771354585062,NO,0.15,0,BUY,0.16,0.19
1771354585062,YES,0.85,0,SELL,0.81,0.84
1771354585331,NO,0.14,3640,BUY,0.16,0.19
1771354585331,YES,0.86,3640,SELL,0.81,0.84
1771354589200,YES,0.02,375.29,BUY,0.81,0.84
1771354589200,NO,0.98,375.29,SELL,0.16,0.19
1771354589201,YES,0.1,216,BUY,0.81,0.84
1771354589201,NO,0.9,216,SELL,0.16,0.19
1771354752519,NO,0.11,0,BUY,0.16,0.19
1771354752519,YES,0.89,0,SELL,0.81,0.84
1771354752532,YES,0.11,10,BUY,0.81,0.84
1771354752532,NO,0.89,10,SELL,0.16,0.19
1771354762420,YES,0.77,0,BUY,0.81,0.84
1771354762420,NO,0.23,0,SELL,0.16,0.19
1771354762421,NO,0.1,116,BUY,0.16,0.19
1771354762421,YES,0.9,116,SELL,0.81,0.84
1771354762984,NO,0.14,0,BUY,0.16,0.19
1771354762984,YES,0.86,0,SELL,0.81,0.84
1771354762985,YES,0.81,0,BUY,0.8,0.84
1771354762985,NO,0.19,0,SELL,0.16,0.2
1771354763949,YES,0.8,125,BUY,0.8,0.84
1771354763949,NO,0.2,125,SELL,0.16,0.2
1771354764185,YES,0.8,150,BUY,0.8,0.84
1771354764185,NO,0.2,150,SELL,0.16,0.2
1771354764573,NO,0.16,0,BUY,0.13,0.2
1771354764573,YES,0.84,0,SELL,0.8,0.87
1771354764961,NO,0.15,5,BUY,0.15,0.2
1771354764961,YES,0.85,5,SELL,0.8,0.85
1771354765698,YES,0.8,0,BUY,0.75,0.85
1771354765698,NO,0.2,0,SELL,0.15,0.25
1771354765732,YES,0.8,25,BUY,0.8,0.85
1771354765732,NO,0.2,25,SELL,0.15,0.2
1771354765861,YES,0.8,50,BUY,0.8,0.85
1771354765861,NO,0.2,50,SELL,0.15,0.2
1771354766037,YES,0.8,75,BUY,0.8,0.85
1771354766037,NO,0.2,75,SELL,0.15,0.2
1771354766248,YES,0.8,100,BUY,0.8,0.85
1771354766248,NO,0.2,100,SELL,0.15,0.2
1771354766500,NO,0.15,105,BUY,0.15,0.2
1771354766500,YES,0.85,105,SELL,0.8,0.85
1771354768689,NO,0.09,2500,BUY,0.15,0.2
1771354768689,YES,0.91,2500,SELL,0.8,0.85
1771354768721,YES,0.78,2500,BUY,0.8,0.85
1771354768721,NO,0.22,2500,SELL,0.15,0.2
1771354770028,YES,0.98,81.68,SELL,0.8,0.85
1771354770028,NO,0.02,81.68,BUY,0.15,0.2
1771354770192,YES,0.79,100,BUY,0.8,0.85
1771354770192,NO,0.21,100,SELL,0.15,0.2
1771354770196,NO,0.14,100,BUY,0.15,0.2
1771354770196,YES,0.86,100,SELL,0.8,0.85
1771354770952,NO,0.14,0,BUY,0.15,0.2
1771354770952,YES,0.86,0,SELL,0.8,0.85
1771354770960,YES,0.79,0,BUY,0.8,0.85
1771354770960,NO,0.21,0,SELL,0.15,0.2
1771354770998,YES,0.81,11.71,BUY,0.81,0.85
1771354770998,NO,0.19,11.71,SELL,0.15,0.19
1771354771003,NO,0.12,105,BUY,0.15,0.19
1771354771003,YES,0.88,105,SELL,0.81,0.85
1771354773850,NO,0.12,5,BUY,0.15,0.19
1771354773850,YES,0.88,5,SELL,0.81,0.85
1771354773853,NO,0.13,200,BUY,0.15,0.19
1771354773853,YES,0.87,200,SELL,0.81,0.85
1771354773856,YES,0.81,0,BUY,0.8,0.85
1771354773856,NO,0.19,0,SELL,0.15,0.2
1771354773860,YES,0.8,200,BUY,0.8,0.85
1771354773860,NO,0.2,200,SELL,0.15,0.2
1771354773887,NO,0.13,100,BUY,0.15,0.2
1771354773887,YES,0.87,100,SELL,0.8,0.85
1771354773935,YES,0.8,100,BUY,0.8,0.85
1771354773935,NO,0.2,100,SELL,0.15,0.2
1771354773941,YES,0.81,11.71,BUY,0.81,0.85
1771354773941,NO,0.19,11.71,SELL,0.15,0.19
1771354773961,NO,0.12,105,BUY,0.15,0.19
1771354773961,YES,0.88,105,SELL,0.81,0.85
1771354774422,YES,0.8,200,BUY,0.81,0.85
1771354774422,NO,0.2,200,SELL,0.15,0.19
1771354774424,NO,0.13,200,BUY,0.15,0.19
1771354774424,YES,0.87,200,SELL,0.81,0.85
1771354774424,NO,0.12,5,BUY,0.15,0.19
1771354774424,YES,0.88,5,SELL,0.81,0.85
1771354774428,YES,0.81,0,BUY,0.8,0.85
1771354774428,NO,0.19,0,SELL,0.15,0.2
1771354778937,YES,0.81,3640,BUY,0.81,0.85
1771354778937,NO,0.19,3640,SELL,0.15,0.19
1771354778973,YES,0.99,2427,SELL,0.81,0.85
1771354778973,NO,0.01,2427,BUY,0.15,0.19
1771354778977,YES,0.8,100,BUY,0.81,0.85
1771354778977,NO,0.2,100,SELL,0.15,0.19
1771354778979,YES,0.81,3651.71,BUY,0.81,0.85
1771354778979,NO,0.19,3651.71,SELL,0.15,0.19
1771354778981,NO,0.12,105,BUY,0.15,0.19
1771354778981,YES,0.88,105,SELL,0.81,0.85
1771354778981,NO,0.13,100,BUY,0.15,0.19
1771354778981,YES,0.87,100,SELL,0.81,0.85
1771354778998,NO,0.14,3640,BUY,0.15,0.19
1771354778998,YES,0.86,3640,SELL,0.81,0.85
1771354779142,YES,0.02,175.29,BUY,0.81,0.85
1771354779142,NO,0.98,175.29,SELL,0.15,0.19
1771354779142,YES,0.1,116,BUY,0.81,0.85
1771354779142,NO,0.9,116,SELL,0.15,0.19
1771354785373,YES,0.1,216,BUY,0.81,0.85
1771354785373,NO,0.9,216,SELL,0.15,0.19
1771354785374,YES,0.02,375.29,BUY,0.81,0.85
1771354785374,NO,0.98,375.29,SELL,0.15,0.19
1771354786347,NO,0.12,5,BUY,0.15,0.19
1771354786347,YES,0.88,5,SELL,0.81,0.85
1771354786348,YES,0.81,3640,BUY,0.81,0.85
1771354786348,NO,0.19,3640,SELL,0.15,0.19
1771354786350,YES,0.82,100,BUY,0.82,0.85
1771354786350,NO,0.18,100,SELL,0.15,0.18
1771354786351,NO,0.11,100,BUY,0.15,0.18
1771354786351,YES,0.89,100,SELL,0.82,0.85
1771354786489,YES,0.81,0,BUY,0.82,0.85
1771354786489,NO,0.19,0,SELL,0.15,0.18
1771354786548,YES,0.82,3740,BUY,0.82,0.85
1771354786548,NO,0.18,3740,SELL,0.15,0.18
1771354789363,NO,0.11,0,BUY,0.15,0.18
1771354789363,YES,0.89,0,SELL,0.82,0.85
1771354789364,YES,0.82,3640,BUY,0.82,0.85
1771354789364,NO,0.18,3640,SELL,0.15,0.18
1771354789367,YES,0.81,11.71,BUY,0.82,0.85
1771354789367,NO,0.19,11.71,SELL,0.15,0.18
1771354789369,NO,0.12,105,BUY,0.15,0.18
1771354789369,YES,0.88,105,SELL,0.82,0.85
1771354790607,YES,0.82,0,BUY,0.81,0.85
1771354790607,NO,0.18,0,SELL,0.15,0.19
1771354790623,YES,0.81,0,BUY,0.8,0.85
1771354790623,NO,0.19,0,SELL,0.15,0.2
1771354790623,YES,0.8,200,BUY,0.8,0.85
1771354790623,NO,0.2,200,SELL,0.15,0.2
1771354790625,NO,0.12,5,BUY,0.15,0.2
1771354790625,YES,0.88,5,SELL,0.8,0.85
1771354790628,NO,0.13,200,BUY,0.15,0.2
1771354790628,YES,0.87,200,SELL,0.8,0.85
1771354790634,NO,0.14,0,BUY,0.15,0.2
1771354790634,YES,0.86,0,SELL,0.8,0.85
1771354790659,YES,0.81,3640,BUY,0.81,0.85
1771354790659,NO,0.19,3640,SELL,0.15,0.19
1771354790701,NO,0.14,3640,BUY,0.15,0.19
1771354790701,YES,0.86,3640,SELL,0.81,0.85
1771354790829,NO,0.14,0,BUY,0.15,0.19
1771354790829,YES,0.86,0,SELL,0.81,0.85
1771354790866,NO,0.14,3640,BUY,0.15,0.19
1771354790866,YES,0.86,3640,SELL,0.81,0.85
1771354790987,NO,0.14,0,BUY,0.15,0.19
1771354790987,YES,0.86,0,SELL,0.81,0.85
1771354791069,NO,0.15,3745,BUY,0.15,0.19
1771354791069,YES,0.85,3745,SELL,0.81,0.85
1771354791291,YES,0.78,0,BUY,0.81,0.85
1771354791291,NO,0.22,0,SELL,0.15,0.19
1771354791670,YES,0.76,2500,BUY,0.81,0.85
1771354791670,NO,0.24,2500,SELL,0.15,0.19
1771354793597,YES,0.87,210,SELL,0.81,0.85
1771354793597,NO,0.13,210,BUY,0.15,0.19
1771354794814,NO,0.15,105,BUY,0.15,0.19
1771354794814,YES,0.85,105,SELL,0.81,0.85
1771354794814,YES,0.81,0,BUY,0.8,0.85
1771354794814,NO,0.19,0,SELL,0.15,0.2
1771354797069,YES,0.1,116,BUY,0.8,0.85
1771354797069,NO,0.9,116,SELL,0.15,0.2
1771354797069,YES,0.02,175.29,BUY,0.8,0.85
1771354797069,NO,0.98,175.29,SELL,0.15,0.2
1771354799281,YES,0.76,0,BUY,0.8,0.85
1771354799281,NO,0.24,0,SELL,0.15,0.2
1771354799281,NO,0.09,0,BUY,0.15,0.2
1771354799281,YES,0.91,0,SELL,0.8,0.85
1771354802200,YES,0.55,0,BUY,0.8,0.85
1771354802200,NO,0.45,0,SELL,0.15,0.2
1771354803094,YES,0.01,3249.51,BUY,0.8,0.85
1771354803094,NO,0.99,3249.51,SELL,0.15,0.2
1771354803404,YES,0.01,3239.51,BUY,0.8,0.85
1771354803404,NO,0.99,3239.51,SELL,0.15,0.2
1771354803404,YES,0.1,106,BUY,0.8,0.85
1771354803404,NO,0.9,106,SELL,0.15,0.2
1771354803404,YES,0.11,0,BUY,0.8,0.85
1771354803404,NO,0.89,0,SELL,0.15,0.2
1771354806348,NO,0.13,110,BUY,0.15,0.2
1771354806348,YES,0.87,110,SELL,0.8,0.85
1771354806349,YES,0.8,100,BUY,0.8,0.85
1771354806349,NO,0.2,100,SELL,0.15,0.2
1771354806359,NO,0.14,100,BUY,0.15,0.2
1771354806359,YES,0.86,100,SELL,0.8,0.85
1771354806366,YES,0.79,11.71,BUY,0.8,0.85
1771354806366,NO,0.21,11.71,SELL,0.15,0.2
1771354806383,NO,0.14,0,BUY,0.15,0.2
1771354806383,YES,0.86,0,SELL,0.8,0.85
1771354806460,NO,0.14,100,BUY,0.15,0.2
1771354806460,YES,0.86,100,SELL,0.8,0.85
1771354807601,NO,0.14,0,BUY,0.15,0.2
1771354807601,YES,0.86,0,SELL,0.8,0.85
1771354807603,YES,0.8,200,BUY,0.8,0.85
1771354807603,NO,0.2,200,SELL,0.15,0.2
1771354807603,YES,0.79,0,BUY,0.8,0.85
1771354807603,NO,0.21,0,SELL,0.15,0.2
1771354807604,NO,0.13,210,BUY,0.15,0.2
1771354807604,YES,0.87,210,SELL,0.8,0.85
1771354810984,YES,0.81,3640,BUY,0.81,0.85
1771354810984,NO,0.19,3640,SELL,0.15,0.19
1771354811142,NO,0.14,3640,BUY,0.15,0.19
1771354811142,YES,0.86,3640,SELL,0.81,0.85
1771354812828,NO,0.15,45.92,BUY,0.15,0.19
1771354812828,YES,0.85,45.92,SELL,0.81,0.85
1771354815359,NO,0.12,105,BUY,0.15,0.19
1771354815359,YES,0.88,105,SELL,0.81,0.85
1771354815359,NO,0.13,110,BUY,0.15,0.19
1771354815359,YES,0.87,110,SELL,0.81,0.85
1771354815359,YES,0.8,100,BUY,0.81,0.85
1771354815359,NO,0.2,100,SELL,0.15,0.19
1771354815364,YES,0.01,4239.51,BUY,0.81,0.85
1771354815364,NO,0.99,4239.51,SELL,0.15,0.19
1771354815366,YES,0.81,3651.71,BUY,0.81,0.85
1771354815366,NO,0.19,3651.71,SELL,0.15,0.19
1771354815417,YES,0.81,3640,BUY,0.81,0.85
1771354815417,NO,0.19,3640,SELL,0.15,0.19
1771354815495,YES,0.81,3740,BUY,0.81,0.85
1771354815495,NO,0.19,3740,SELL,0.15,0.19
1771354815583,YES,0.81,100,BUY,0.81,0.85
1771354815583,NO,0.19,100,SELL,0.15,0.19
1771354815780,YES,0.81,3740,BUY,0.81,0.85
1771354815780,NO,0.19,3740,SELL,0.15,0.19
1771354815851,YES,0.81,100,BUY,0.81,0.85
1771354815851,NO,0.19,100,SELL,0.15,0.19
1771354815893,YES,0.81,3740,BUY,0.81,0.85
1771354815893,NO,0.19,3740,SELL,0.15,0.19
1771354815997,YES,0.1,116,BUY,0.81,0.85
1771354815997,NO,0.9,116,SELL,0.15,0.19
1771354815998,YES,0.01,4249.51,BUY,0.81,0.85
1771354815998,NO,0.99,4249.51,SELL,0.15,0.19
1771354816000,YES,0.11,10,BUY,0.81,0.85
1771354816000,NO,0.89,10,SELL,0.15,0.19
1771354816704,YES,0.81,3489.68,BUY,0.81,0.85
1771354816704,NO,0.19,3489.68,SELL,0.15,0.19
1771354817943,NO,0.14,3627.24,BUY,0.14,0.19
1771354817943,YES,0.86,3627.24,SELL,0.81,0.86
1771354817943,NO,0.15,0,BUY,0.14,0.19
1771354817943,YES,0.85,0,SELL,0.81,0.86
1771354818350,YES,0.81,100,BUY,0.81,0.86
1771354818350,NO,0.19,100,SELL,0.14,0.19
1771354818417,YES,0.81,3740,BUY,0.81,0.86
1771354818417,NO,0.19,3740,SELL,0.14,0.19
1771354818694,YES,0.81,100,BUY,0.81,0.86
1771354818694,NO,0.19,100,SELL,0.14,0.19
1771354818737,YES,0.82,3640,BUY,0.82,0.86
1771354818737,NO,0.18,3640,SELL,0.14,0.18
1771354819727,NO,0.12,5,BUY,0.14,0.18
1771354819727,YES,0.88,5,SELL,0.82,0.86
1771354819730,YES,0.81,0,BUY,0.82,0.86
1771354819730,NO,0.19,0,SELL,0.14,0.18
1771354819733,YES,0.8,111.71,BUY,0.82,0.86
1771354819733,NO,0.2,111.71,SELL,0.14,0.18
1771354819734,NO,0.13,210,BUY,0.14,0.18
1771354819734,YES,0.87,210,SELL,0.82,0.86
1771354819766,NO,0.13,110,BUY,0.14,0.18
1771354819766,YES,0.87,110,SELL,0.82,0.86
1771354819808,YES,0.81,100,BUY,0.82,0.86
1771354819808,NO,0.19,100,SELL,0.14,0.18
1771354819809,YES,0.8,100,BUY,0.82,0.86
1771354819809,NO,0.2,100,SELL,0.14,0.18
1771354819824,NO,0.12,105,BUY,0.14,0.18
1771354819824,YES,0.88,105,SELL,0.82,0.86
1771354821300,YES,0.1,216,BUY,0.82,0.86
1771354821300,NO,0.9,216,SELL,0.14,0.18
1771354821301,YES,0.02,375.29,BUY,0.82,0.86
1771354821301,NO,0.98,375.29,SELL,0.14,0.18
1771354821964,NO,0.12,5,BUY,0.14,0.18
1771354821964,YES,0.88,5,SELL,0.82,0.86
1771354821965,YES,0.81,0,BUY,0.82,0.86
1771354821965,NO,0.19,0,SELL,0.14,0.18
1771354821966,YES,0.8,111.71,BUY,0.82,0.86
1771354821966,NO,0.2,111.71,SELL,0.14,0.18
1771354821980,NO,0.13,210,BUY,0.14,0.18
1771354821980,YES,0.87,210,SELL,0.82,0.86
1771354822255,YES,0.82,0,BUY,0.8,0.86
1771354822255,NO,0.18,0,SELL,0.14,0.2
1771354822453,YES,0.81,3640,BUY,0.81,0.86
1771354822453,NO,0.19,3640,SELL,0.14,0.19
1771354822693,YES,0.8,100,BUY,0.81,0.86
1771354822693,NO,0.2,100,SELL,0.14,0.19
1771354822694,YES,0.79,100,BUY,0.81,0.86
1771354822694,NO,0.21,100,SELL,0.14,0.19
1771354822697,NO,0.13,110,BUY,0.14,0.19
1771354822697,YES,0.87,110,SELL,0.81,0.86
1771354822698,NO,0.14,3727.24,BUY,0.14,0.19
1771354822698,YES,0.86,3727.24,SELL,0.81,0.86
1771354823242,YES,0.81,0,BUY,0.8,0.86
1771354823242,NO,0.19,0,SELL,0.14,0.2
1771354823653,YES,0.8,3740,BUY,0.8,0.86
1771354823653,NO,0.2,3740,SELL,0.14,0.2
1771354825748,YES,0.8,100,BUY,0.8,0.86
1771354825748,NO,0.2,100,SELL,0.14,0.2
1771354825957,NO,0.14,3627.24,BUY,0.14,0.2
1771354825957,YES,0.86,3627.24,SELL,0.8,0.86
1771354825957,YES,0.79,0,BUY,0.8,0.86
1771354825957,NO,0.21,0,SELL,0.14,0.2
1771354825959,YES,0.8,111.71,BUY,0.8,0.86
1771354825959,NO,0.2,111.71,SELL,0.14,0.2
1771354825960,NO,0.13,210,BUY,0.14,0.2
1771354825960,YES,0.87,210,SELL,0.8,0.86
1771354825972,YES,0.8,3751.71,BUY,0.8,0.86
1771354825972,NO,0.2,3751.71,SELL,0.14,0.2
1771354826198,NO,0.13,110,BUY,0.14,0.2
1771354826198,YES,0.87,110,SELL,0.8,0.86
1771354826200,YES,0.79,100,BUY,0.8,0.86
1771354826200,NO,0.21,100,SELL,0.14,0.2
1771354826203,YES,0.8,3740,BUY,0.8,0.86
1771354826203,NO,0.2,3740,SELL,0.14,0.2
1771354826207,NO,0.14,3727.24,BUY,0.14,0.2
1771354826207,YES,0.86,3727.24,SELL,0.8,0.86
1771354826223,NO,0.15,100,BUY,0.15,0.2
1771354826223,YES,0.85,100,SELL,0.8,0.85
1771354826246,NO,0.15,0,BUY,0.14,0.2
1771354826246,YES,0.85,0,SELL,0.8,0.86
1771354826284,YES,0.79,0,BUY,0.8,0.86
1771354826284,NO,0.21,0,SELL,0.14,0.2
1771354826289,YES,0.78,11.71,BUY,0.8,0.86
1771354826289,NO,0.22,11.71,SELL,0.14,0.2
1771354826325,NO,0.15,100,BUY,0.15,0.2
1771354826325,YES,0.85,100,SELL,0.8,0.85
1771354826328,NO,0.14,3627.24,BUY,0.15,0.2
1771354826328,YES,0.86,3627.24,SELL,0.8,0.85
1771354826480,NO,0.14,0,BUY,0.15,0.2
1771354826480,YES,0.86,0,SELL,0.8,0.85
1771354826758,YES,0.8,100,BUY,0.8,0.85
1771354826758,NO,0.2,100,SELL,0.15,0.2
1771354827066,YES,0.01,3249.51,BUY,0.8,0.85
1771354827066,NO,0.99,3249.51,SELL,0.15,0.2
1771354827066,YES,0.1,116,BUY,0.8,0.85
1771354827066,NO,0.9,116,SELL,0.15,0.2
1771354827066,YES,0.02,175.29,BUY,0.8,0.85
1771354827066,NO,0.98,175.29,SELL,0.15,0.2
1771354827068,YES,0.79,3640,BUY,0.8,0.85
1771354827068,NO,0.21,3640,SELL,0.15,0.2
1771354827823,NO,0.16,3640,BUY,0.16,0.2
1771354827823,YES,0.84,3640,SELL,0.8,0.84
1771354828392,YES,0.79,0,BUY,0.8,0.84
1771354828392,NO,0.21,0,SELL,0.16,0.2
1771354828431,YES,0.79,3640,BUY,0.8,0.84
1771354828431,NO,0.21,3640,SELL,0.16,0.2
1771354830978,YES,0.8,75,BUY,0.8,0.84
1771354830978,NO,0.2,75,SELL,0.16,0.2
1771354833946,YES,0.06,5.9,BUY,0.8,0.84
1771354833946,NO,0.94,5.9,SELL,0.16,0.2
1771354833952,YES,0.1,106,BUY,0.8,0.84
1771354833952,NO,0.9,106,SELL,0.16,0.2
1771354833952,YES,0.01,3239.51,BUY,0.8,0.84
1771354833952,NO,0.99,3239.51,SELL,0.16,0.2
1771354833952,YES,0.11,0,BUY,0.8,0.84
1771354833952,NO,0.89,0,SELL,0.16,0.2
1771354834179,YES,0.01,4239.51,BUY,0.8,0.84
1771354834179,NO,0.99,4239.51,SELL,0.16,0.2
1771354835270,NO,0.06,6.44,BUY,0.16,0.2
1771354835270,YES,0.94,6.44,SELL,0.8,0.84
1771354837148,YES,0.78,0,BUY,0.8,0.84
1771354837148,NO,0.22,0,SELL,0.16,0.2
1771354837149,NO,0.14,100,BUY,0.16,0.2
1771354837149,YES,0.86,100,SELL,0.8,0.84
1771354837150,YES,0.79,3740,BUY,0.8,0.84
1771354837150,NO,0.21,3740,SELL,0.16,0.2
1771354837150,NO,0.15,0,BUY,0.16,0.2
1771354837150,YES,0.85,0,SELL,0.8,0.84
1771354837258,YES,0.79,100,BUY,0.8,0.84
1771354837258,NO,0.21,100,SELL,0.16,0.2
1771354837320,YES,0.8,3715,BUY,0.8,0.84
1771354837320,NO,0.2,3715,SELL,0.16,0.2
1771354839868,NO,0.14,0,BUY,0.16,0.2
1771354839868,YES,0.86,0,SELL,0.8,0.84
1771354839870,YES,0.79,0,BUY,0.8,0.84
1771354839870,NO,0.21,0,SELL,0.16,0.2
1771354839870,YES,0.78,11.71,BUY,0.8,0.84
1771354839870,NO,0.22,11.71,SELL,0.16,0.2
1771354839871,NO,0.15,100,BUY,0.16,0.2
1771354839871,YES,0.85,100,SELL,0.8,0.84
1771354840128,YES,0.79,100,BUY,0.8,0.84
1771354840128,NO,0.21,100,SELL,0.16,0.2
1771354840128,YES,0.78,0,BUY,0.8,0.84
1771354840128,NO,0.22,0,SELL,0.16,0.2
1771354840128,NO,0.15,0,BUY,0.16,0.2
1771354840128,YES,0.85,0,SELL,0.8,0.84
1771354840130,NO,0.14,100,BUY,0.16,0.2
1771354840130,YES,0.86,100,SELL,0.8,0.84
1771354840139,YES,0.01,4249.51,BUY,0.8,0.84
1771354840139,NO,0.99,4249.51,SELL,0.16,0.2
1771354840139,YES,0.1,116,BUY,0.8,0.84
1771354840139,NO,0.9,116,SELL,0.16,0.2
1771354840140,YES,0.11,10,BUY,0.8,0.84
1771354840140,NO,0.89,10,SELL,0.16,0.2
1771354840522,YES,0.87,100,SELL,0.8,0.84
1771354840522,NO,0.13,100,BUY,0.16,0.2
1771354840818,YES,0.79,0,BUY,0.8,0.84
1771354840818,NO,0.21,0,SELL,0.16,0.2
1771354840818,NO,0.14,0,BUY,0.16,0.2
1771354840818,YES,0.86,0,SELL,0.8,0.84
1771354840819,NO,0.15,100,BUY,0.16,0.2
1771354840819,YES,0.85,100,SELL,0.8,0.84
1771354840820,YES,0.78,11.71,BUY,0.8,0.84
1771354840820,NO,0.22,11.71,SELL,0.16,0.2
1771354840886,NO,0.15,0,BUY,0.16,0.2
1771354840886,YES,0.85,0,SELL,0.8,0.84
1771354840893,YES,0.78,0,BUY,0.8,0.84
1771354840893,NO,0.22,0,SELL,0.16,0.2
1771354840894,YES,0.79,100,BUY,0.8,0.84
1771354840894,NO,0.21,100,SELL,0.16,0.2
1771354840898,NO,0.14,100,BUY,0.16,0.2
1771354840898,YES,0.86,100,SELL,0.8,0.84
1771354840918,YES,0.79,0,BUY,0.8,0.84
1771354840918,NO,0.21,0,SELL,0.16,0.2
1771354840960,NO,0.14,0,BUY,0.16,0.2
1771354840960,YES,0.86,0,SELL,0.8,0.84
1771354840963,NO,0.15,100,BUY,0.16,0.2
1771354840963,YES,0.85,100,SELL,0.8,0.84
1771354840972,YES,0.78,11.71,BUY,0.8,0.84
1771354840972,NO,0.22,11.71,SELL,0.16,0.2
1771354841677,YES,0.8,75,BUY,0.8,0.84
1771354841677,NO,0.2,75,SELL,0.16,0.2
1771354841771,YES,0.79,3640,BUY,0.8,0.84
1771354841771,NO,0.21,3640,SELL,0.16,0.2
1771354845883,YES,0.01,4239.51,BUY,0.8,0.84
1771354845883,NO,0.99,4239.51,SELL,0.16,0.2
1771354845883,YES,0.1,106,BUY,0.8,0.84
1771354845883,NO,0.9,106,SELL,0.16,0.2
1771354845883,YES,0.11,0,BUY,0.8,0.84
1771354845883,NO,0.89,0,SELL,0.16,0.2
1771354846193,YES,0.78,0,BUY,0.8,0.84
1771354846193,NO,0.22,0,SELL,0.16,0.2
1771354846194,NO,0.15,0,BUY,0.16,0.2
1771354846194,YES,0.85,0,SELL,0.8,0.84
1771354846195,YES,0.79,3740,BUY,0.8,0.84
1771354846195,NO,0.21,3740,SELL,0.16,0.2
1771354846199,NO,0.14,100,BUY,0.16,0.2
1771354846199,YES,0.86,100,SELL,0.8,0.84
1771354846208,YES,0.79,100,BUY,0.8,0.84
1771354846208,NO,0.21,100,SELL,0.16,0.2
1771354846275,YES,0.79,3740,BUY,0.8,0.84
1771354846275,NO,0.21,3740,SELL,0.16,0.2
1771354846325,YES,0.79,100,BUY,0.8,0.84
1771354846325,NO,0.21,100,SELL,0.16,0.2
1771354846398,YES,0.8,3715,BUY,0.8,0.84
1771354846398,NO,0.2,3715,SELL,0.16,0.2
1771354848537,NO,0.15,100,BUY,0.16,0.2
1771354848537,YES,0.85,100,SELL,0.8,0.84
1771354848538,YES,0.79,0,BUY,0.8,0.84
1771354848538,NO,0.21,0,SELL,0.16,0.2
1771354848538,NO,0.14,0,BUY,0.16,0.2
1771354848538,YES,0.86,0,SELL,0.8,0.84
1771354848539,YES,0.78,11.71,BUY,0.8,0.84
1771354848539,NO,0.22,11.71,SELL,0.16,0.2
1771354849624,NO,0.15,0,BUY,0.16,0.2
1771354849624,YES,0.85,0,SELL,0.8,0.84
1771354849635,YES,0.78,0,BUY,0.8,0.84
1771354849635,NO,0.22,0,SELL,0.16,0.2
1771354849643,NO,0.14,100,BUY,0.16,0.2
1771354849643,YES,0.86,100,SELL,0.8,0.84
1771354849667,YES,0.79,100,BUY,0.8,0.84
1771354849667,NO,0.21,100,SELL,0.16,0.2
1771354850107,NO,0.14,0,BUY,0.16,0.2
1771354850107,YES,0.86,0,SELL,0.8,0.84
1771354850107,YES,0.79,0,BUY,0.8,0.84
1771354850107,NO,0.21,0,SELL,0.16,0.2
1771354850111,NO,0.15,100,BUY,0.16,0.2
1771354850111,YES,0.85,100,SELL,0.8,0.84
1771354850112,YES,0.78,11.71,BUY,0.8,0.84
1771354850112,NO,0.22,11.71,SELL,0.16,0.2
1771354850263,NO,0.15,0,BUY,0.16,0.2
1771354850263,YES,0.85,0,SELL,0.8,0.84
1771354850265,NO,0.14,100,BUY,0.16,0.2
1771354850265,YES,0.86,100,SELL,0.8,0.84
1771354850267,YES,0.78,0,BUY,0.8,0.84
1771354850267,NO,0.22,0,SELL,0.16,0.2
1771354850268,YES,0.79,100,BUY,0.8,0.84
1771354850268,NO,0.21,100,SELL,0.16,0.2
1771354850443,NO,0.15,100,BUY,0.16,0.2
1771354850443,YES,0.85,100,SELL,0.8,0.84
1771354850443,NO,0.14,0,BUY,0.16,0.2
1771354850443,YES,0.86,0,SELL,0.8,0.84
1771354850444,YES,0.79,0,BUY,0.8,0.84
1771354850444,NO,0.21,0,SELL,0.16,0.2
1771354850445,YES,0.78,11.71,BUY,0.8,0.84
1771354850445,NO,0.22,11.71,SELL,0.16,0.2
1771354850465,NO,0.15,0,BUY,0.16,0.2
1771354850465,YES,0.85,0,SELL,0.8,0.84
1771354850520,NO,0.14,100,BUY,0.16,0.2
1771354850520,YES,0.86,100,SELL,0.8,0.84
1771354850526,YES,0.79,100,BUY,0.8,0.84
1771354850526,NO,0.21,100,SELL,0.16,0.2
1771354850531,YES,0.78,0,BUY,0.8,0.84
1771354850531,NO,0.22,0,SELL,0.16,0.2
1771354850548,NO,0.15,100,BUY,0.16,0.2
1771354850548,YES,0.85,100,SELL,0.8,0.84
1771354850549,NO,0.14,0,BUY,0.16,0.2
1771354850549,YES,0.86,0,SELL,0.8,0.84
1771354850556,YES,0.79,0,BUY,0.8,0.84
1771354850556,NO,0.21,0,SELL,0.16,0.2
1771354850606,YES,0.78,11.71,BUY,0.8,0.84
1771354850606,NO,0.22,11.71,SELL,0.16,0.2
1771354850989,YES,0.8,75,BUY,0.8,0.84
1771354850989,NO,0.2,75,SELL,0.16,0.2
1771354851175,YES,0.79,3640,BUY,0.8,0.84
1771354851175,NO,0.21,3640,SELL,0.16,0.2
1771354851588,YES,0.01,3239.51,BUY,0.8,0.84
1771354851588,NO,0.99,3239.51,SELL,0.16,0.2
1771354857813,YES,0.01,4239.51,BUY,0.8,0.84
1771354857813,NO,0.99,4239.51,SELL,0.16,0.2
1771354860727,NO,0.15,0,BUY,0.16,0.2
1771354860727,YES,0.85,0,SELL,0.8,0.84
1771354860729,YES,0.78,0,BUY,0.8,0.84
1771354860729,NO,0.22,0,SELL,0.16,0.2
1771354860730,NO,0.16,3740,BUY,0.16,0.2
1771354860730,YES,0.84,3740,SELL,0.8,0.84
1771354860731,YES,0.77,100,BUY,0.8,0.84
1771354860731,NO,0.23,100,SELL,0.16,0.2
1771354860803,NO,0.16,100,BUY,0.16,0.2
1771354860803,YES,0.84,100,SELL,0.8,0.84
1771354861630,NO,0.17,3640,BUY,0.17,0.2
1771354861630,YES,0.83,3640,SELL,0.8,0.83
1771354863789,YES,0.77,0,BUY,0.8,0.83
1771354863789,NO,0.23,0,SELL,0.17,0.2
1771354863790,NO,0.16,0,BUY,0.17,0.2
1771354863790,YES,0.84,0,SELL,0.8,0.83
1771354863793,NO,0.15,100,BUY,0.17,0.2
1771354863793,YES,0.85,100,SELL,0.8,0.83
1771354863794,YES,0.78,11.71,BUY,0.8,0.83
1771354863794,NO,0.22,11.71,SELL,0.17,0.2
1771354863893,YES,0.02,375.29,BUY,0.8,0.83
1771354863893,NO,0.98,375.29,SELL,0.17,0.2
1771354863894,YES,0.1,206,BUY,0.8,0.83
1771354863894,NO,0.9,206,SELL,0.17,0.2
1771354864451,YES,0.11,10,BUY,0.8,0.83
1771354864451,NO,0.89,10,SELL,0.17,0.2
1771354864452,YES,0.01,4249.51,BUY,0.8,0.83
1771354864452,NO,0.99,4249.51,SELL,0.17,0.2
1771354864452,YES,0.1,216,BUY,0.8,0.83
1771354864452,NO,0.9,216,SELL,0.17,0.2
1771354868814,NO,0.15,0,BUY,0.17,0.2
1771354868814,YES,0.85,0,SELL,0.8,0.83
1771354868815,YES,0.77,100,BUY,0.8,0.83
1771354868815,NO,0.23,100,SELL,0.17,0.2
1771354868816,NO,0.16,100,BUY,0.17,0.2
1771354868816,YES,0.84,100,SELL,0.8,0.83
1771354868817,YES,0.78,0,BUY,0.8,0.83
1771354868817,NO,0.22,0,SELL,0.17,0.2
1771354868943,YES,0.77,0,BUY,0.8,0.83
1771354868943,NO,0.23,0,SELL,0.17,0.2
1771354868944,NO,0.16,0,BUY,0.17,0.2
1771354868944,YES,0.84,0,SELL,0.8,0.83
1771354868948,NO,0.15,100,BUY,0.17,0.2
1771354868948,YES,0.85,100,SELL,0.8,0.83
1771354868949,YES,0.78,11.71,BUY,0.8,0.83
1771354868949,NO,0.22,11.71,SELL,0.17,0.2
1771354869902,YES,0.02,175.29,BUY,0.8,0.83
1771354869902,NO,0.98,175.29,SELL,0.17,0.2
1771354869902,YES,0.1,116,BUY,0.8,0.83
1771354869902,NO,0.9,116,SELL,0.17,0.2
1771354870058,YES,0.11,0,BUY,0.8,0.83
1771354870058,NO,0.89,0,SELL,0.17,0.2
1771354870058,YES,0.01,4239.51,BUY,0.8,0.83
1771354870058,NO,0.99,4239.51,SELL,0.17,0.2
1771354870058,YES,0.1,106,BUY,0.8,0.83
1771354870058,NO,0.9,106,SELL,0.17,0.2
1771354872525,YES,0.78,0,BUY,0.8,0.83
1771354872525,NO,0.22,0,SELL,0.17,0.2
1771354872526,NO,0.15,0,BUY,0.17,0.2
1771354872526,YES,0.85,0,SELL,0.8,0.83
1771354872532,YES,0.77,100,BUY,0.8,0.83
1771354872532,NO,0.23,100,SELL,0.17,0.2
1771354872534,NO,0.16,100,BUY,0.17,0.2
1771354872534,YES,0.84,100,SELL,0.8,0.83
1771354872805,NO,0.16,0,BUY,0.17,0.2
1771354872805,YES,0.84,0,SELL,0.8,0.83
1771354872806,YES,0.77,0,BUY,0.8,0.83
1771354872806,NO,0.23,0,SELL,0.17,0.2
1771354872808,NO,0.15,100,BUY,0.17,0.2
1771354872808,YES,0.85,100,SELL,0.8,0.83
1771354872811,YES,0.78,11.71,BUY,0.8,0.83
1771354872811,NO,0.22,11.71,SELL,0.17,0.2
1771354873054,YES,0.78,0,BUY,0.8,0.83
1771354873054,NO,0.22,0,SELL,0.17,0.2
1771354873054,NO,0.15,0,BUY,0.17,0.2
1771354873054,YES,0.85,0,SELL,0.8,0.83
1771354873055,YES,0.77,100,BUY,0.8,0.83
1771354873055,NO,0.23,100,SELL,0.17,0.2
1771354873056,NO,0.16,100,BUY,0.17,0.2
1771354873056,YES,0.84,100,SELL,0.8,0.83
1771354875661,YES,0.1,206,BUY,0.8,0.83
1771354875661,NO,0.9,206,SELL,0.17,0.2
1771354875661,YES,0.02,375.29,BUY,0.8,0.83
1771354875661,NO,0.98,375.29,SELL,0.17,0.2
1771354875806,NO,0.16,0,BUY,0.17,0.2
1771354875806,YES,0.84,0,SELL,0.8,0.83
1771354875807,YES,0.77,0,BUY,0.8,0.83
1771354875807,NO,0.23,0,SELL,0.17,0.2
1771354875811,YES,0.78,11.71,BUY,0.8,0.83
1771354875811,NO,0.22,11.71,SELL,0.17,0.2
1771354875812,NO,0.15,100,BUY,0.17,0.2
1771354875812,YES,0.85,100,SELL,0.8,0.83
1771354875896,NO,0.17,0,BUY,0.15,0.2
1771354875896,YES,0.83,0,SELL,0.8,0.85
1771354875961,NO,0.16,3640,BUY,0.16,0.2
1771354875961,YES,0.84,3640,SELL,0.8,0.84
1771354876035,YES,0.1,216,BUY,0.8,0.84
1771354876035,NO,0.9,216,SELL,0.16,0.2
1771354876035,YES,0.11,10,BUY,0.8,0.84
1771354876035,NO,0.89,10,SELL,0.16,0.2
1771354876036,YES,0.01,4249.51,BUY,0.8,0.84
1771354876036,NO,0.99,4249.51,SELL,0.16,0.2
1771354876577,YES,0.78,0,BUY,0.8,0.84
1771354876577,NO,0.22,0,SELL,0.16,0.2
1771354876577,YES,0.77,100,BUY,0.8,0.84
1771354876577,NO,0.23,100,SELL,0.16,0.2
1771354876578,NO,0.15,0,BUY,0.16,0.2
1771354876578,YES,0.85,0,SELL,0.8,0.84
1771354876591,NO,0.16,3740,BUY,0.16,0.2
1771354876591,YES,0.84,3740,SELL,0.8,0.84
1771354876692,NO,0.16,100,BUY,0.16,0.2
1771354876692,YES,0.84,100,SELL,0.8,0.84
1771354876751,NO,0.17,3640,BUY,0.17,0.2
1771354876751,YES,0.83,3640,SELL,0.8,0.83
1771354880295,YES,0.77,0,BUY,0.8,0.83
1771354880295,NO,0.23,0,SELL,0.17,0.2
1771354880298,YES,0.78,11.71,BUY,0.8,0.83
1771354880298,NO,0.22,11.71,SELL,0.17,0.2
1771354880298,NO,0.16,0,BUY,0.17,0.2
1771354880298,YES,0.84,0,SELL,0.8,0.83
1771354880303,NO,0.15,100,BUY,0.17,0.2
1771354880303,YES,0.85,100,SELL,0.8,0.83
1771354880325,YES,0.78,0,BUY,0.8,0.83
1771354880325,NO,0.22,0,SELL,0.17,0.2
1771354880373,YES,0.77,100,BUY,0.8,0.83
1771354880373,NO,0.23,100,SELL,0.17,0.2
1771354880377,NO,0.15,0,BUY,0.17,0.2
1771354880377,YES,0.85,0,SELL,0.8,0.83
1771354880380,NO,0.16,100,BUY,0.17,0.2
1771354880380,YES,0.84,100,SELL,0.8,0.83
1771354880472,YES,0.77,0,BUY,0.8,0.83
1771354880472,NO,0.23,0,SELL,0.17,0.2
1771354880473,NO,0.16,0,BUY,0.17,0.2
1771354880473,YES,0.84,0,SELL,0.8,0.83
1771354880475,YES,0.78,11.71,BUY,0.8,0.83
1771354880475,NO,0.22,11.71,SELL,0.17,0.2
1771354880477,NO,0.15,100,BUY,0.17,0.2
1771354880477,YES,0.85,100,SELL,0.8,0.83
1771354881439,NO,0.15,0,BUY,0.17,0.2
1771354881439,YES,0.85,0,SELL,0.8,0.83
1771354881440,YES,0.78,0,BUY,0.8,0.83
1771354881440,NO,0.22,0,SELL,0.17,0.2
1771354881442,NO,0.16,100,BUY,0.17,0.2
1771354881442,YES,0.84,100,SELL,0.8,0.83
1771354881474,YES,0.77,100,BUY,0.8,0.83
1771354881474,NO,0.23,100,SELL,0.17,0.2
1771354881601,YES,0.1,116,BUY,0.8,0.83
1771354881601,NO,0.9,116,SELL,0.17,0.2
1771354881601,YES,0.02,175.29,BUY,0.8,0.83
1771354881601,NO,0.98,175.29,SELL,0.17,0.2
1771354881933,YES,0.1,106,BUY,0.8,0.83
1771354881933,NO,0.9,106,SELL,0.17,0.2
1771354881933,YES,0.11,0,BUY,0.8,0.83
1771354881933,NO,0.89,0,SELL,0.17,0.2
1771354881933,YES,0.01,4239.51,BUY,0.8,0.83
1771354881933,NO,0.99,4239.51,SELL,0.17,0.2
1771354883676,NO,0.16,0,BUY,0.17,0.2
1771354883676,YES,0.84,0,SELL,0.8,0.83
1771354883677,YES,0.77,0,BUY,0.8,0.83
1771354883677,NO,0.23,0,SELL,0.17,0.2
1771354883678,NO,0.15,100,BUY,0.17,0.2
1771354883678,YES,0.85,100,SELL,0.8,0.83
1771354883700,YES,0.78,11.71,BUY,0.8,0.83
1771354883700,NO,0.22,11.71,SELL,0.17,0.2
1771354883854,NO,0.17,0,BUY,0.15,0.2
1771354883854,YES,0.83,0,SELL,0.8,0.85
1771354884224,NO,0.16,3640,BUY,0.16,0.2
1771354884224,YES,0.84,3640,SELL,0.8,0.84
1771354884264,YES,0.79,0,BUY,0.8,0.84
1771354884264,NO,0.21,0,SELL,0.16,0.2
1771354884664,YES,0.8,3715,BUY,0.8,0.84
1771354884664,NO,0.2,3715,SELL,0.16,0.2
1771354884936,NO,0.15,0,BUY,0.16,0.2
1771354884936,YES,0.85,0,SELL,0.8,0.84
1771354884936,YES,0.78,0,BUY,0.8,0.84
1771354884936,NO,0.22,0,SELL,0.16,0.2
1771354884940,YES,0.79,100,BUY,0.8,0.84
1771354884940,NO,0.21,100,SELL,0.16,0.2
1771354884940,NO,0.14,100,BUY,0.16,0.2
1771354884940,YES,0.86,100,SELL,0.8,0.84
1771354885192,NO,0.14,0,BUY,0.16,0.2
1771354885192,YES,0.86,0,SELL,0.8,0.84
1771354885193,YES,0.78,11.71,BUY,0.8,0.84
1771354885193,NO,0.22,11.71,SELL,0.16,0.2
1771354885197,NO,0.15,100,BUY,0.16,0.2
1771354885197,YES,0.85,100,SELL,0.8,0.84
1771354885198,YES,0.79,0,BUY,0.8,0.84
1771354885198,NO,0.21,0,SELL,0.16,0.2
1771354885624,NO,0.15,0,BUY,0.16,0.2
1771354885624,YES,0.85,0,SELL,0.8,0.84
1771354885625,YES,0.79,100,BUY,0.8,0.84
1771354885625,NO,0.21,100,SELL,0.16,0.2
1771354885628,NO,0.14,100,BUY,0.16,0.2
1771354885628,YES,0.86,100,SELL,0.8,0.84
1771354885631,YES,0.78,0,BUY,0.8,0.84
1771354885631,NO,0.22,0,SELL,0.16,0.2
1771354885954,YES,0.79,0,BUY,0.8,0.84
1771354885954,NO,0.21,0,SELL,0.16,0.2
1771354885954,NO,0.14,0,BUY,0.16,0.2
1771354885954,YES,0.86,0,SELL,0.8,0.84
1771354885956,YES,0.78,11.71,BUY,0.8,0.84
1771354885956,NO,0.22,11.71,SELL,0.16,0.2
1771354885958,NO,0.15,100,BUY,0.16,0.2
1771354885958,YES,0.85,100,SELL,0.8,0.84
1771354885982,NO,0.15,0,BUY,0.16,0.2
1771354885982,YES,0.85,0,SELL,0.8,0.84
1771354886029,YES,0.78,0,BUY,0.8,0.84
1771354886029,NO,0.22,0,SELL,0.16,0.2
1771354886031,NO,0.14,100,BUY,0.16,0.2
1771354886031,YES,0.86,100,SELL,0.8,0.84
1771354886037,YES,0.79,100,BUY,0.8,0.84
1771354886037,NO,0.21,100,SELL,0.16,0.2
1771354886877,NO,0.16,0,BUY,0.14,0.2
1771354886877,YES,0.84,0,SELL,0.8,0.86
1771354886928,NO,0.15,3640,BUY,0.15,0.2
1771354886928,YES,0.85,3640,SELL,0.8,0.85
1771354888058,YES,0.11,10,BUY,0.8,0.85
1771354888058,NO,0.89,10,SELL,0.15,0.2
1771354888059,YES,0.1,116,BUY,0.8,0.85
1771354888059,NO,0.9,116,SELL,0.15,0.2
1771354888060,YES,0.01,4249.51,BUY,0.8,0.85
1771354888060,NO,0.99,4249.51,SELL,0.15,0.2
1771354890739,NO,0.14,0,BUY,0.15,0.2
1771354890739,YES,0.86,0,SELL,0.8,0.85
1771354890742,YES,0.8,3726.71,BUY,0.8,0.85
1771354890742,NO,0.2,3726.71,SELL,0.15,0.2
1771354890742,NO,0.13,200,BUY,0.15,0.2
1771354890742,YES,0.87,200,SELL,0.8,0.85
1771354890745,YES,0.79,0,BUY,0.8,0.85
1771354890745,NO,0.21,0,SELL,0.15,0.2
1771354890783,YES,0.8,3715,BUY,0.8,0.85
1771354890783,NO,0.2,3715,SELL,0.15,0.2
1771354890838,NO,0.13,100,BUY,0.15,0.2
1771354890838,YES,0.87,100,SELL,0.8,0.85
1771354890840,NO,0.14,100,BUY,0.15,0.2
1771354890840,YES,0.86,100,SELL,0.8,0.85
1771354890846,YES,0.79,100,BUY,0.8,0.85
1771354890846,NO,0.21,100,SELL,0.15,0.2
1771354900990,NO,0.14,0,BUY,0.15,0.2
1771354900990,YES,0.86,0,SELL,0.8,0.85
1771354900992,YES,0.79,0,BUY,0.8,0.85
1771354900992,NO,0.21,0,SELL,0.15,0.2
1771354900996,NO,0.15,3740,BUY,0.15,0.2
1771354900996,YES,0.85,3740,SELL,0.8,0.85
1771354900998,YES,0.78,11.71,BUY,0.8,0.85
1771354900998,NO,0.22,11.71,SELL,0.15,0.2
1771354901381,NO,0.15,100,BUY,0.15,0.2
1771354901381,YES,0.85,100,SELL,0.8,0.85
1771354901428,YES,0.78,0,BUY,0.8,0.85
1771354901428,NO,0.22,0,SELL,0.15,0.2
1771354901429,NO,0.15,0,BUY,0.13,0.2
1771354901429,YES,0.85,0,SELL,0.8,0.87
1771354901431,YES,0.79,100,BUY,0.8,0.87
1771354901431,NO,0.21,100,SELL,0.13,0.2
1771354901433,NO,0.14,100,BUY,0.14,0.2
1771354901433,YES,0.86,100,SELL,0.8,0.86
1771354901624,NO,0.15,3640,BUY,0.15,0.2
1771354901624,YES,0.85,3640,SELL,0.8,0.85
1771354903926,YES,0.78,11.71,BUY,0.8,0.85
1771354903926,NO,0.22,11.71,SELL,0.15,0.2
1771354903926,YES,0.79,0,BUY,0.8,0.85
1771354903926,NO,0.21,0,SELL,0.15,0.2
1771354903927,NO,0.14,0,BUY,0.15,0.2
1771354903927,YES,0.86,0,SELL,0.8,0.85
1771354903930,NO,0.15,3740,BUY,0.15,0.2
1771354903930,YES,0.85,3740,SELL,0.8,0.85
1771354903964,NO,0.15,3640,BUY,0.15,0.2
1771354903964,YES,0.85,3640,SELL,0.8,0.85
1771354904003,YES,0.79,100,BUY,0.8,0.85
1771354904003,NO,0.21,100,SELL,0.15,0.2
1771354904007,NO,0.14,100,BUY,0.15,0.2
1771354904007,YES,0.86,100,SELL,0.8,0.85
1771354904008,YES,0.78,0,BUY,0.8,0.85
1771354904008,NO,0.22,0,SELL,0.15,0.2
1771354904015,NO,0.15,0,BUY,0.14,0.2
1771354904015,YES,0.85,0,SELL,0.8,0.86
1771354904049,NO,0.14,0,BUY,0.13,0.2
1771354904049,YES,0.86,0,SELL,0.8,0.87
1771354904049,NO,0.15,100,BUY,0.15,0.2
1771354904049,YES,0.85,100,SELL,0.8,0.85
1771354904050,YES,0.79,0,BUY,0.8,0.85
1771354904050,NO,0.21,0,SELL,0.15,0.2
1771354904065,NO,0.16,3640,BUY,0.16,0.2
1771354904065,YES,0.84,3640,SELL,0.8,0.84
1771354904088,YES,0.78,11.71,BUY,0.8,0.84
1771354904088,NO,0.22,11.71,SELL,0.16,0.2
1771354905314,YES,0.8,75,BUY,0.8,0.84
1771354905314,NO,0.2,75,SELL,0.16,0.2
1771354905359,YES,0.79,3640,BUY,0.8,0.84
1771354905359,NO,0.21,3640,SELL,0.16,0.2
1771354906296,YES,0.11,0,BUY,0.8,0.84
1771354906296,NO,0.89,0,SELL,0.16,0.2
1771354906296,YES,0.1,106,BUY,0.8,0.84
1771354906296,NO,0.9,106,SELL,0.16,0.2
1771354906296,YES,0.01,4239.51,BUY,0.8,0.84
1771354906296,NO,0.99,4239.51,SELL,0.16,0.2
1771354906632,YES,0.78,0,BUY,0.8,0.84
1771354906632,NO,0.22,0,SELL,0.16,0.2
1771354906632,NO,0.15,0,BUY,0.16,0.2
1771354906632,YES,0.85,0,SELL,0.8,0.84
1771354906659,NO,0.16,3740,BUY,0.16,0.2
1771354906659,YES,0.84,3740,SELL,0.8,0.84
1771354906674,YES,0.77,100,BUY,0.8,0.84
1771354906674,NO,0.23,100,SELL,0.16,0.2
1771354906961,NO,0.16,100,BUY,0.16,0.2
1771354906961,YES,0.84,100,SELL,0.8,0.84
1771354907143,YES,0.79,0,BUY,0.8,0.84
1771354907143,NO,0.21,0,SELL,0.16,0.2
1771354907563,YES,0.78,3640,BUY,0.8,0.84
1771354907563,NO,0.22,3640,SELL,0.16,0.2
1771354907973,NO,0.17,3640,BUY,0.17,0.2
1771354907973,YES,0.83,3640,SELL,0.8,0.83
1771354908631,YES,0.49,5.4,BUY,0.8,0.83
1771354908631,NO,0.51,5.4,SELL,0.17,0.2
1771354909603,YES,0.49,0,BUY,0.8,0.83
1771354909603,NO,0.51,0,SELL,0.17,0.2
1771354910878,YES,0.77,0,BUY,0.8,0.83
1771354910878,NO,0.23,0,SELL,0.17,0.2
1771354910879,NO,0.16,0,BUY,0.17,0.2
1771354910879,YES,0.84,0,SELL,0.8,0.83
1771354910882,YES,0.76,11.71,BUY,0.8,0.83
1771354910882,NO,0.24,11.71,SELL,0.17,0.2
1771354910900,NO,0.17,3740,BUY,0.17,0.2
1771354910900,YES,0.83,3740,SELL,0.8,0.83
1771354910907,NO,0.18,100,BUY,0.18,0.2
1771354910907,YES,0.82,100,SELL,0.8,0.82
1771354910910,YES,0.76,0,BUY,0.8,0.82
1771354910910,NO,0.24,0,SELL,0.18,0.2
1771354910919,YES,0.78,0,BUY,0.8,0.82
1771354910919,NO,0.22,0,SELL,0.18,0.2
1771354910937,NO,0.18,0,BUY,0.17,0.2
1771354910937,YES,0.82,0,SELL,0.8,0.83
1771354910990,YES,0.76,100,BUY,0.8,0.83
1771354910990,NO,0.24,100,SELL,0.17,0.2
1771354911020,NO,0.17,100,BUY,0.17,0.2
1771354911020,YES,0.83,100,SELL,0.8,0.83
1771354911123,YES,0.77,3640,BUY,0.8,0.83
1771354911123,NO,0.23,3640,SELL,0.17,0.2
1771354911863,NO,0.18,3640,BUY,0.18,0.2
1771354911863,YES,0.82,3640,SELL,0.8,0.82
1771354912134,YES,0.76,0,BUY,0.8,0.82
1771354912134,NO,0.24,0,SELL,0.18,0.2
1771354912134,NO,0.17,0,BUY,0.18,0.2
1771354912134,YES,0.83,0,SELL,0.8,0.82
1771354912137,NO,0.18,3740,BUY,0.18,0.2
1771354912137,YES,0.82,3740,SELL,0.8,0.82
1771354912141,YES,0.75,32.11,BUY,0.8,0.82
1771354912141,NO,0.25,32.11,SELL,0.18,0.2
1771354912162,NO,0.18,3640,BUY,0.18,0.2
1771354912162,YES,0.82,3640,SELL,0.8,0.82
1771354912209,YES,0.75,20.4,BUY,0.8,0.82
1771354912209,NO,0.25,20.4,SELL,0.18,0.2
1771354912211,YES,0.76,100,BUY,0.8,0.82
1771354912211,NO,0.24,100,SELL,0.18,0.2
1771354912212,NO,0.17,100,BUY,0.18,0.2
1771354912212,YES,0.83,100,SELL,0.8,0.82
1771354912442,YES,0.02,375.29,BUY,0.8,0.82
1771354912442,NO,0.98,375.29,SELL,0.18,0.2
1771354912442,YES,0.1,206,BUY,0.8,0.82
1771354912442,NO,0.9,206,SELL,0.18,0.2
1771354912925,YES,0.01,4249.51,BUY,0.8,0.82
1771354912925,NO,0.99,4249.51,SELL,0.18,0.2
1771354912926,YES,0.11,10,BUY,0.8,0.82
1771354912926,NO,0.89,10,SELL,0.18,0.2
1771354912926,YES,0.1,216,BUY,0.8,0.82
1771354912926,NO,0.9,216,SELL,0.18,0.2
1771354913236,YES,0.76,0,BUY,0.8,0.82
1771354913236,NO,0.24,0,SELL,0.18,0.2
1771354913238,NO,0.17,0,BUY,0.18,0.2
1771354913238,YES,0.83,0,SELL,0.8,0.82
1771354913239,YES,0.75,32.11,BUY,0.8,0.82
1771354913239,NO,0.25,32.11,SELL,0.18,0.2
1771354913270,NO,0.18,3740,BUY,0.18,0.2
1771354913270,YES,0.82,3740,SELL,0.8,0.82
1771354913973,YES,0.75,20.4,BUY,0.8,0.82
1771354913973,NO,0.25,20.4,SELL,0.18,0.2
1771354913973,YES,0.76,100,BUY,0.8,0.82
1771354913973,NO,0.24,100,SELL,0.18,0.2
1771354913979,NO,0.18,3640,BUY,0.18,0.2
1771354913979,YES,0.82,3640,SELL,0.8,0.82
1771354913979,NO,0.17,100,BUY,0.18,0.2
1771354913979,YES,0.83,100,SELL,0.8,0.82
1771354914418,NO,0.17,0,BUY,0.18,0.2
1771354914418,YES,0.83,0,SELL,0.8,0.82
1771354914418,NO,0.18,3740,BUY,0.18,0.2
1771354914418,YES,0.82,3740,SELL,0.8,0.82
1771354914419,YES,0.76,0,BUY,0.8,0.82
1771354914419,NO,0.24,0,SELL,0.18,0.2
1771354914427,YES,0.75,32.11,BUY,0.8,0.82
1771354914427,NO,0.25,32.11,SELL,0.18,0.2
1771354914670,NO,0.18,3640,BUY,0.18,0.2
1771354914670,YES,0.82,3640,SELL,0.8,0.82
1771354914671,YES,0.75,20.4,BUY,0.8,0.82
1771354914671,NO,0.25,20.4,SELL,0.18,0.2
1771354914672,NO,0.17,100,BUY,0.18,0.2
1771354914672,YES,0.83,100,SELL,0.8,0.82
1771354914674,YES,0.76,100,BUY,0.8,0.82
1771354914674,NO,0.24,100,SELL,0.18,0.2
1771354914696,NO,0.18,0,BUY,0.17,0.2
1771354914696,YES,0.82,0,SELL,0.8,0.83
1771354914705,YES,0.76,0,BUY,0.8,0.83
1771354914705,NO,0.24,0,SELL,0.17,0.2
1771354914746,NO,0.17,0,BUY,0.13,0.2
1771354914746,YES,0.83,0,SELL,0.8,0.87
1771354914746,YES,0.75,32.11,BUY,0.8,0.87
1771354914746,NO,0.25,32.11,SELL,0.13,0.2
1771354914747,NO,0.18,100,BUY,0.18,0.2
1771354914747,YES,0.82,100,SELL,0.8,0.82
1771354914770,NO,0.18,0,BUY,0.13,0.2
1771354914770,YES,0.82,0,SELL,0.8,0.87
1771354914774,NO,0.14,100,BUY,0.14,0.2
1771354914774,YES,0.86,100,SELL,0.8,0.86
1771354914823,NO,0.15,100,BUY,0.15,0.2
1771354914823,YES,0.85,100,SELL,0.8,0.85
1771354914823,NO,0.14,0,BUY,0.15,0.2
1771354914823,YES,0.86,0,SELL,0.8,0.85
1771354914850,NO,0.16,100,BUY,0.16,0.2
1771354914850,YES,0.84,100,SELL,0.8,0.84
1771354914859,NO,0.15,0,BUY,0.16,0.2
1771354914859,YES,0.85,0,SELL,0.8,0.84
1771354914882,NO,0.16,3740,BUY,0.16,0.2
1771354914882,YES,0.84,3740,SELL,0.8,0.84
1771354914898,NO,0.16,3640,BUY,0.16,0.2
1771354914898,YES,0.84,3640,SELL,0.8,0.84
1771354914901,NO,0.17,100,BUY,0.17,0.2
1771354914901,YES,0.83,100,SELL,0.8,0.83
1771354914934,NO,0.17,0,BUY,0.16,0.2
1771354914934,YES,0.83,0,SELL,0.8,0.84
1771354914935,NO,0.18,100,BUY,0.18,0.2
1771354914935,YES,0.82,100,SELL,0.8,0.82
1771354914981,NO,0.16,0,BUY,0.18,0.2
1771354914981,YES,0.84,0,SELL,0.8,0.82
1771354915117,NO,0.19,3640,BUY,0.19,0.2
1771354915117,YES,0.81,3640,SELL,0.8,0.81
1771354916633,NO,0.18,0,BUY,0.19,0.2
1771354916633,YES,0.82,0,SELL,0.8,0.81
1771354916633,NO,0.17,100,BUY,0.19,0.2
1771354916633,YES,0.83,100,SELL,0.8,0.81
1771354916635,YES,0.76,100,BUY,0.8,0.81
1771354916635,NO,0.24,100,SELL,0.19,0.2
1771354916635,YES,0.75,20.4,BUY,0.8,0.81
1771354916635,NO,0.25,20.4,SELL,0.19,0.2
1771354917126,NO,0.19,0,BUY,0.17,0.2
1771354917126,YES,0.81,0,SELL,0.8,0.83
1771354917532,NO,0.18,3640,BUY,0.18,0.2
1771354917532,YES,0.82,3640,SELL,0.8,0.82
1771354917778,YES,0.76,0,BUY,0.8,0.82
1771354917778,NO,0.24,0,SELL,0.18,0.2
1771354917780,NO,0.17,0,BUY,0.18,0.2
1771354917780,YES,0.83,0,SELL,0.8,0.82
1771354917787,NO,0.18,3740,BUY,0.18,0.2
1771354917787,YES,0.82,3740,SELL,0.8,0.82
1771354917787,YES,0.75,32.11,BUY,0.8,0.82
1771354917787,NO,0.25,32.11,SELL,0.18,0.2
1771354918203,YES,0.75,20.4,BUY,0.8,0.82
1771354918203,NO,0.25,20.4,SELL,0.18,0.2
1771354918204,NO,0.18,3640,BUY,0.18,0.2
1771354918204,YES,0.82,3640,SELL,0.8,0.82
1771354918205,YES,0.76,100,BUY,0.8,0.82
1771354918205,NO,0.24,100,SELL,0.18,0.2
1771354918205,NO,0.17,100,BUY,0.18,0.2
1771354918205,YES,0.83,100,SELL,0.8,0.82
1771354918965,NO,0.18,3740,BUY,0.18,0.2
1771354918965,YES,0.82,3740,SELL,0.8,0.82
1771354918967,NO,0.17,0,BUY,0.18,0.2
1771354918967,YES,0.83,0,SELL,0.8,0.82
1771354918968,YES,0.76,0,BUY,0.8,0.82
1771354918968,NO,0.24,0,SELL,0.18,0.2
1771354918970,YES,0.75,32.11,BUY,0.8,0.82
1771354918970,NO,0.25,32.11,SELL,0.18,0.2
1771354919161,NO,0.18,3640,BUY,0.18,0.2
1771354919161,YES,0.82,3640,SELL,0.8,0.82
1771354919162,YES,0.76,100,BUY,0.8,0.82
1771354919162,NO,0.24,100,SELL,0.18,0.2
1771354919163,NO,0.17,100,BUY,0.18,0.2
1771354919163,YES,0.83,100,SELL,0.8,0.82
1771354919174,YES,0.75,20.4,BUY,0.8,0.82
1771354919174,NO,0.25,20.4,SELL,0.18,0.2
1771354920246,YES,0.77,0,BUY,0.8,0.82
1771354920246,NO,0.23,0,SELL,0.18,0.2
1771354920282,YES,0.78,3640,BUY,0.8,0.82
1771354920282,NO,0.22,3640,SELL,0.18,0.2
1771354921206,YES,0.78,0,BUY,0.8,0.82
1771354921206,NO,0.22,0,SELL,0.18,0.2
1771354921279,YES,0.77,3640,BUY,0.8,0.82
1771354921279,NO,0.23,3640,SELL,0.18,0.2
1771354921553,NO,0.18,3740,BUY,0.18,0.2
1771354921553,YES,0.82,3740,SELL,0.8,0.82
1771354921554,NO,0.17,0,BUY,0.18,0.2
1771354921554,YES,0.83,0,SELL,0.8,0.82
1771354921556,YES,0.76,0,BUY,0.8,0.82
1771354921556,NO,0.24,0,SELL,0.18,0.2
1771354921560,YES,0.75,32.11,BUY,0.8,0.82
1771354921560,NO,0.25,32.11,SELL,0.18,0.2
1771354921716,NO,0.18,100,BUY,0.18,0.2
1771354921716,YES,0.82,100,SELL,0.8,0.82
1771354921899,NO,0.19,3640,BUY,0.19,0.2
1771354921899,YES,0.81,3640,SELL,0.8,0.81
1771354923015,YES,0.75,20.4,BUY,0.8,0.81
1771354923015,NO,0.25,20.4,SELL,0.19,0.2
1771354923016,YES,0.76,100,BUY,0.8,0.81
1771354923016,NO,0.24,100,SELL,0.19,0.2
1771354923019,NO,0.18,0,BUY,0.19,0.2
1771354923019,YES,0.82,0,SELL,0.8,0.81
1771354923028,NO,0.17,100,BUY,0.19,0.2
1771354923028,YES,0.83,100,SELL,0.8,0.81
1771354923355,NO,0.19,0,BUY,0.17,0.2
1771354923355,YES,0.81,0,SELL,0.8,0.83
1771354923556,NO,0.18,3640,BUY,0.18,0.2
1771354923556,YES,0.82,3640,SELL,0.8,0.82
1771354925250,YES,0.77,0,BUY,0.8,0.82
1771354925250,NO,0.23,0,SELL,0.18,0.2
1771354925269,NO,0.17,0,BUY,0.18,0.2
1771354925269,YES,0.83,0,SELL,0.8,0.82
1771354925270,YES,0.76,0,BUY,0.8,0.82
1771354925270,NO,0.24,0,SELL,0.18,0.2
1771354925271,NO,0.16,100,BUY,0.18,0.2
1771354925271,YES,0.84,100,SELL,0.8,0.82
1771354925272,YES,0.77,11.71,BUY,0.8,0.82
1771354925272,NO,0.23,11.71,SELL,0.18,0.2
1771354925363,YES,0.78,3640,BUY,0.8,0.82
1771354925363,NO,0.22,3640,SELL,0.18,0.2
1771354925520,NO,0.16,0,BUY,0.18,0.2
1771354925520,YES,0.84,0,SELL,0.8,0.82
1771354925521,YES,0.77,0,BUY,0.8,0.82
1771354925521,NO,0.23,0,SELL,0.18,0.2
1771354925525,NO,0.17,100,BUY,0.18,0.2
1771354925525,YES,0.83,100,SELL,0.8,0.82
1771354925571,YES,0.76,100,BUY,0.8,0.82
1771354925571,NO,0.24,100,SELL,0.18,0.2
1771354925591,NO,0.17,0,BUY,0.18,0.2
1771354925591,YES,0.83,0,SELL,0.8,0.82
1771354925596,YES,0.76,0,BUY,0.8,0.82
1771354925596,NO,0.24,0,SELL,0.18,0.2
1771354925599,YES,0.77,11.71,BUY,0.8,0.82
1771354925599,NO,0.23,11.71,SELL,0.18,0.2
1771354925600,NO,0.16,100,BUY,0.18,0.2
1771354925600,YES,0.84,100,SELL,0.8,0.82
1771354925744,YES,0.77,0,BUY,0.8,0.82
1771354925744,NO,0.23,0,SELL,0.18,0.2
1771354925747,YES,0.76,100,BUY,0.8,0.82
1771354925747,NO,0.24,100,SELL,0.18,0.2
1771354925748,NO,0.16,0,BUY,0.18,0.2
1771354925748,YES,0.84,0,SELL,0.8,0.82
1771354925749,NO,0.17,100,BUY,0.18,0.2
1771354925749,YES,0.83,100,SELL,0.8,0.82
1771354925974,YES,0.76,0,BUY,0.8,0.82
1771354925974,NO,0.24,0,SELL,0.18,0.2
1771354925974,NO,0.17,0,BUY,0.18,0.2
1771354925974,YES,0.83,0,SELL,0.8,0.82
1771354925976,YES,0.77,11.71,BUY,0.8,0.82
1771354925976,NO,0.23,11.71,SELL,0.18,0.2
1771354925985,NO,0.16,100,BUY,0.18,0.2
1771354925985,YES,0.84,100,SELL,0.8,0.82
1771354926757,YES,0.77,0,BUY,0.8,0.82
1771354926757,NO,0.23,0,SELL,0.18,0.2
1771354926758,NO,0.16,0,BUY,0.18,0.2
1771354926758,YES,0.84,0,SELL,0.8,0.82
1771354926760,NO,0.17,100,BUY,0.18,0.2
1771354926760,YES,0.83,100,SELL,0.8,0.82
1771354926766,YES,0.76,100,BUY,0.8,0.82
1771354926766,NO,0.24,100,SELL,0.18,0.2
1771354927461,NO,0.17,0,BUY,0.18,0.2
1771354927461,YES,0.83,0,SELL,0.8,0.82
1771354927463,YES,0.76,0,BUY,0.8,0.82
1771354927463,NO,0.24,0,SELL,0.18,0.2
1771354927466,NO,0.16,100,BUY,0.18,0.2
1771354927466,YES,0.84,100,SELL,0.8,0.82
1771354927469,YES,0.77,11.71,BUY,0.8,0.82
1771354927469,NO,0.23,11.71,SELL,0.18,0.2
1771354927804,NO,0.16,0,BUY,0.18,0.2
1771354927804,YES,0.84,0,SELL,0.8,0.82
1771354927805,NO,0.17,100,BUY,0.18,0.2
1771354927805,YES,0.83,100,SELL,0.8,0.82
1771354927805,YES,0.77,0,BUY,0.8,0.82
1771354927805,NO,0.23,0,SELL,0.18,0.2
1771354927808,YES,0.76,100,BUY,0.8,0.82
1771354927808,NO,0.24,100,SELL,0.18,0.2
1771354928285,NO,0.17,0,BUY,0.18,0.2
1771354928285,YES,0.83,0,SELL,0.8,0.82
1771354928286,NO,0.16,100,BUY,0.18,0.2
1771354928286,YES,0.84,100,SELL,0.8,0.82
1771354928288,YES,0.76,0,BUY,0.8,0.82
1771354928288,NO,0.24,0,SELL,0.18,0.2
1771354928290,YES,0.77,11.71,BUY,0.8,0.82
1771354928290,NO,0.23,11.71,SELL,0.18,0.2
1771354928474,YES,0.77,0,BUY,0.8,0.82
1771354928474,NO,0.23,0,SELL,0.18,0.2
1771354928475,NO,0.16,0,BUY,0.18,0.2
1771354928475,YES,0.84,0,SELL,0.8,0.82
1771354928476,NO,0.17,100,BUY,0.18,0.2
1771354928476,YES,0.83,100,SELL,0.8,0.82
1771354928477,YES,0.76,100,BUY,0.8,0.82
1771354928477,NO,0.24,100,SELL,0.18,0.2
1771354928867,NO,0.17,0,BUY,0.18,0.2
1771354928867,YES,0.83,0,SELL,0.8,0.82
1771354928868,YES,0.77,11.71,BUY,0.8,0.82
1771354928868,NO,0.23,11.71,SELL,0.18,0.2
1771354928868,YES,0.76,0,BUY,0.8,0.82
1771354928868,NO,0.24,0,SELL,0.18,0.2
1771354928869,NO,0.16,100,BUY,0.18,0.2
1771354928869,YES,0.84,100,SELL,0.8,0.82
1771354930234,YES,0.02,175.29,BUY,0.8,0.82
1771354930234,NO,0.98,175.29,SELL,0.18,0.2
1771354930234,YES,0.1,116,BUY,0.8,0.82
1771354930234,NO,0.9,116,SELL,0.18,0.2
1771354931099,YES,0.01,4239.51,BUY,0.8,0.82
1771354931099,NO,0.99,4239.51,SELL,0.18,0.2
1771354931099,YES,0.11,0,BUY,0.8,0.82
1771354931099,NO,0.89,0,SELL,0.18,0.2
1771354931099,YES,0.1,106,BUY,0.8,0.82
1771354931099,NO,0.9,106,SELL,0.18,0.2
1771354932275,NO,0.18,0,BUY,0.16,0.2
1771354932275,YES,0.82,0,SELL,0.8,0.84
1771354932323,NO,0.17,3640,BUY,0.17,0.2
1771354932323,YES,0.83,3640,SELL,0.8,0.83
1771354937340,NO,0.12,15,BUY,0.17,0.2
1771354937340,YES,0.88,15,SELL,0.8,0.83
1771354937906,NO,0.25,15.4,SELL,0.17,0.2
1771354937906,YES,0.75,15.4,BUY,0.8,0.83
1771354940019,NO,0.13,110,BUY,0.17,0.2
1771354940019,YES,0.87,110,SELL,0.8,0.83
1771354941208,NO,0.2,25,BUY,0.2,0.22
1771354941208,YES,0.8,25,SELL,0.78,0.8
1771354941208,YES,0.8,0,BUY,0.78,0.8
1771354941208,NO,0.2,0,SELL,0.2,0.22
1771354942105,YES,0.01,3239.51,BUY,0.78,0.8
1771354942105,NO,0.99,3239.51,SELL,0.2,0.22
1771354942290,NO,0.11,10,BUY,0.2,0.22
1771354942290,YES,0.89,10,SELL,0.78,0.8
1771354944819,NO,0.1,126,BUY,0.2,0.22
1771354944819,YES,0.9,126,SELL,0.78,0.8
1771354946719,NO,0.09,10,BUY,0.2,0.22
1771354946719,YES,0.91,10,SELL,0.78,0.8
1771354948416,NO,0.17,0,BUY,0.2,0.22
1771354948416,YES,0.83,0,SELL,0.78,0.8
1771354948478,NO,0.17,3640,BUY,0.2,0.22
1771354948478,YES,0.83,3640,SELL,0.78,0.8
1771354948872,NO,0.08,70,BUY,0.2,0.22
1771354948872,YES,0.92,70,SELL,0.78,0.8
1771354951030,NO,0.06,26.44,BUY,0.2,0.22
1771354951030,YES,0.94,26.44,SELL,0.78,0.8
1771354953084,NO,0.07,162.85,BUY,0.2,0.22
1771354953084,YES,0.93,162.85,SELL,0.78,0.8
1771354953955,NO,0.18,3700,BUY,0.2,0.22
1771354953955,YES,0.82,3700,SELL,0.78,0.8
1771354954355,NO,0.16,0,BUY,0.2,0.22
1771354954355,YES,0.84,0,SELL,0.78,0.8
1771354954355,YES,0.77,0,BUY,0.78,0.8
1771354954355,NO,0.23,0,SELL,0.2,0.22
1771354954356,YES,0.78,3740,BUY,0.78,0.8
1771354954356,NO,0.22,3740,SELL,0.2,0.22
1771354954363,NO,0.15,100,BUY,0.2,0.22
1771354954363,YES,0.85,100,SELL,0.78,0.8
1771354954390,YES,0.78,3640,BUY,0.78,0.8
1771354954390,NO,0.22,3640,SELL,0.2,0.22
1771354954403,YES,0.78,0,BUY,0.75,0.8
1771354954403,NO,0.22,0,SELL,0.2,0.25
1771354954432,YES,0.76,11.71,BUY,0.76,0.8
1771354954432,NO,0.24,11.71,SELL,0.2,0.24
1771354954464,YES,0.76,0,BUY,0.75,0.8
1771354954464,NO,0.24,0,SELL,0.2,0.25
1771354954466,YES,0.77,100,BUY,0.77,0.8
1771354954466,NO,0.23,100,SELL,0.2,0.23
1771354954488,NO,0.15,0,BUY,0.2,0.23
1771354954488,YES,0.85,0,SELL,0.77,0.8
1771354954488,NO,0.16,100,BUY,0.2,0.23
1771354954488,YES,0.84,100,SELL,0.77,0.8
1771354954512,YES,0.79,3640,BUY,0.79,0.8
1771354954512,NO,0.21,3640,SELL,0.2,0.21
1771354954519,NO,0.16,0,BUY,0.2,0.21
1771354954519,YES,0.84,0,SELL,0.79,0.8
1771354954540,YES,0.77,0,BUY,0.79,0.8
1771354954540,NO,0.23,0,SELL,0.2,0.21
1771354954541,YES,0.78,11.71,BUY,0.79,0.8
1771354954541,NO,0.22,11.71,SELL,0.2,0.21
