timestamp,asset_id,price,size,side,best_bid,best_ask
1771427119620,NO,0.43,0,BUY,0.44,0.48
1771427119620,YES,0.57,0,SELL,0.52,0.56
1771427119631,NO,0.44,2200,BUY,0.44,0.48
1771427119631,YES,0.56,2200,SELL,0.52,0.56
1771427119658,NO,0.44,2100,BUY,0.44,0.48
1771427119658,YES,0.56,2100,SELL,0.52,0.56
1771427119694,YES,0.5,0,BUY,0.52,0.56
1771427119694,NO,0.5,0,SELL,0.44,0.48
1771427119728,NO,0.43,100,BUY,0.44,0.48
1771427119728,YES,0.57,100,SELL,0.52,0.56
1771427119734,YES,0.51,2100,BUY,0.52,0.56
1771427119734,NO,0.49,2100,SELL,0.44,0.48
1771427121208,NO,0.44,2200,BUY,0.44,0.48
1771427121208,YES,0.56,2200,SELL,0.52,0.56
1771427121209,NO,0.43,0,BUY,0.44,0.48
1771427121209,YES,0.57,0,SELL,0.52,0.56
1771427121458,NO,0.44,100,BUY,0.44,0.48
1771427121458,YES,0.56,100,SELL,0.52,0.56
1771427121458,YES,0.51,0,BUY,0.52,0.56
1771427121458,NO,0.49,0,SELL,0.44,0.48
1771427121659,YES,0.5,2100,BUY,0.52,0.56
1771427121659,NO,0.5,2100,SELL,0.44,0.48
1771427121781,NO,0.45,2100,BUY,0.45,0.48
1771427121781,YES,0.55,2100,SELL,0.52,0.55
1771427121932,NO,0.43,100,BUY,0.45,0.48
1771427121932,YES,0.57,100,SELL,0.52,0.55
1771427121934,NO,0.44,0,BUY,0.45,0.48
1771427121934,YES,0.56,0,SELL,0.52,0.55
1771427122009,NO,0.44,100,BUY,0.45,0.48
1771427122009,YES,0.56,100,SELL,0.52,0.55
1771427122009,NO,0.43,0,BUY,0.45,0.48
1771427122009,YES,0.57,0,SELL,0.52,0.55
1771427124624,NO,0.44,0,BUY,0.45,0.48
1771427124624,YES,0.56,0,SELL,0.52,0.55
1771427124630,NO,0.43,100,BUY,0.45,0.48
1771427124630,YES,0.57,100,SELL,0.52,0.55
1771427124634,NO,0.45,0,BUY,0.43,0.48
1771427124634,YES,0.55,0,SELL,0.52,0.57
1771427124634,YES,0.5,0,BUY,0.52,0.57
1771427124634,NO,0.5,0,SELL,0.43,0.48
1771427124695,YES,0.51,2100,BUY,0.52,0.57
1771427124695,NO,0.49,2100,SELL,0.43,0.48
1771427124746,NO,0.43,2200,BUY,0.43,0.48
1771427124746,YES,0.57,2200,SELL,0.52,0.57
1771427124921,YES,0.51,0,BUY,0.52,0.57
1771427124921,NO,0.49,0,SELL,0.43,0.48
1771427125070,YES,0.51,2100,BUY,0.52,0.57
1771427125070,NO,0.49,2100,SELL,0.43,0.48
1771427125335,NO,0.07,152.85,BUY,0.43,0.48
1771427125335,YES,0.93,152.85,SELL,0.52,0.57
1771427125335,NO,0.21,17,BUY,0.43,0.48
1771427125335,YES,0.79,17,SELL,0.52,0.57
1771427125335,NO,0.01,3099.1,BUY,0.43,0.48
1771427125335,YES,0.99,3099.1,SELL,0.52,0.57
1771427125335,NO,0.11,10,BUY,0.43,0.48
1771427125335,YES,0.89,10,SELL,0.52,0.57
1771427125399,NO,0.01,2099.1,BUY,0.43,0.48
1771427125399,YES,0.99,2099.1,SELL,0.52,0.57
1771427125399,NO,0.02,255,BUY,0.43,0.48
1771427125399,YES,0.98,255,SELL,0.52,0.57
1771427125982,NO,0.43,100,BUY,0.43,0.48
1771427125982,YES,0.57,100,SELL,0.52,0.57
1771427126009,YES,0.51,0,BUY,0.52,0.57
1771427126009,NO,0.49,0,SELL,0.43,0.48
1771427126017,NO,0.43,2200,BUY,0.43,0.48
1771427126017,YES,0.57,2200,SELL,0.52,0.57
1771427126058,YES,0.51,2100,BUY,0.52,0.57
1771427126058,NO,0.49,2100,SELL,0.43,0.48
1771427126249,YES,0.51,0,BUY,0.52,0.57
1771427126249,NO,0.49,0,SELL,0.43,0.48
1771427126291,YES,0.52,2106.15,BUY,0.52,0.57
1771427126291,NO,0.48,2106.15,SELL,0.43,0.48
1771427126569,NO,0.42,100,BUY,0.43,0.48
1771427126569,YES,0.58,100,SELL,0.52,0.57
1771427126570,NO,0.43,2100,BUY,0.43,0.48
1771427126570,YES,0.57,2100,SELL,0.52,0.57
1771427126646,NO,0.43,2200,BUY,0.43,0.48
1771427126646,YES,0.57,2200,SELL,0.52,0.57
1771427126648,NO,0.42,0,BUY,0.43,0.48
1771427126648,YES,0.58,0,SELL,0.52,0.57
1771427126689,NO,0.43,2100,BUY,0.43,0.48
1771427126689,YES,0.57,2100,SELL,0.52,0.57
1771427126739,NO,0.42,100,BUY,0.43,0.48
1771427126739,YES,0.58,100,SELL,0.52,0.57
1771427127148,NO,0.42,0,BUY,0.43,0.48
1771427127148,YES,0.58,0,SELL,0.52,0.57
1771427127166,NO,0.43,2200,BUY,0.43,0.48
1771427127166,YES,0.57,2200,SELL,0.52,0.57
1771427128350,NO,0.43,2100,BUY,0.43,0.48
1771427128350,YES,0.57,2100,SELL,0.52,0.57
1771427128352,NO,0.42,100,BUY,0.43,0.48
1771427128352,YES,0.58,100,SELL,0.52,0.57
1771427128429,NO,0.43,2200,BUY,0.43,0.48
1771427128429,YES,0.57,2200,SELL,0.52,0.57
1771427128433,NO,0.42,0,BUY,0.43,0.48
1771427128433,YES,0.58,0,SELL,0.52,0.57
1771427128824,YES,0.47,5,BUY,0.52,0.57
1771427128824,NO,0.53,5,SELL,0.43,0.48
1771427129854,YES,0.52,6.15,BUY,0.52,0.57
1771427129854,NO,0.48,6.15,SELL,0.43,0.48
1771427129854,NO,0.43,100,BUY,0.43,0.48
1771427129854,YES,0.57,100,SELL,0.52,0.57
1771427129892,YES,0.5,2100,BUY,0.52,0.57
1771427129892,NO,0.5,2100,SELL,0.43,0.48
1771427129990,NO,0.44,2100,BUY,0.44,0.48
1771427129990,YES,0.56,2100,SELL,0.52,0.56
1771427129999,NO,0.43,0,BUY,0.44,0.48
1771427129999,YES,0.57,0,SELL,0.52,0.56
1771427130002,NO,0.44,2200,BUY,0.44,0.48
1771427130002,YES,0.56,2200,SELL,0.52,0.56
1771427130037,NO,0.44,2100,BUY,0.44,0.48
1771427130037,YES,0.56,2100,SELL,0.52,0.56
1771427130143,NO,0.44,2200,BUY,0.44,0.48
1771427130143,YES,0.56,2200,SELL,0.52,0.56
1771427130617,NO,0.07,142.85,BUY,0.44,0.48
1771427130617,YES,0.93,142.85,SELL,0.52,0.56
1771427130617,NO,0.11,0,BUY,0.44,0.48
1771427130617,YES,0.89,0,SELL,0.52,0.56
1771427130617,NO,0.21,7,BUY,0.44,0.48
1771427130617,YES,0.79,7,SELL,0.52,0.56
1771427130617,NO,0.01,2089.1,BUY,0.44,0.48
1771427130617,YES,0.99,2089.1,SELL,0.52,0.56
1771427131041,YES,0.52,0,BUY,0.5,0.56
1771427131041,NO,0.48,0,SELL,0.44,0.5
1771427131271,YES,0.53,6.12,BUY,0.53,0.56
1771427131271,NO,0.47,6.12,SELL,0.44,0.47
1771427131527,NO,0.44,100,BUY,0.44,0.47
1771427131527,YES,0.56,100,SELL,0.53,0.56
1771427131571,NO,0.45,2100,BUY,0.45,0.47
1771427131571,YES,0.55,2100,SELL,0.53,0.55
1771427131930,NO,0.37,9,BUY,0.45,0.47
1771427131930,YES,0.63,9,SELL,0.53,0.55
1771427131969,NO,0.45,2200,BUY,0.45,0.47
1771427131969,YES,0.55,2200,SELL,0.53,0.55
1771427131969,NO,0.44,0,BUY,0.45,0.47
1771427131969,YES,0.56,0,SELL,0.53,0.55
1771427131992,NO,0.45,2100,BUY,0.45,0.47
1771427131992,YES,0.55,2100,SELL,0.53,0.55
1771427132054,NO,0.44,100,BUY,0.45,0.47
1771427132054,YES,0.56,100,SELL,0.53,0.55
1771427132372,NO,0.44,0,BUY,0.45,0.47
1771427132372,YES,0.56,0,SELL,0.53,0.55
1771427132375,NO,0.45,2200,BUY,0.45,0.47
1771427132375,YES,0.55,2200,SELL,0.53,0.55
1771427132394,YES,0.5,0,BUY,0.53,0.55
1771427132394,NO,0.5,0,SELL,0.45,0.47
1771427132413,NO,0.45,100,BUY,0.45,0.47
1771427132413,YES,0.55,100,SELL,0.53,0.55
1771427132435,YES,0.48,2100,BUY,0.53,0.55
1771427132435,NO,0.52,2100,SELL,0.45,0.47
1771427132472,NO,0.46,2100,BUY,0.46,0.47
1771427132472,YES,0.54,2100,SELL,0.53,0.54
1771427132488,YES,0.48,0,BUY,0.53,0.54
1771427132488,NO,0.52,0,SELL,0.46,0.47
1771427132539,YES,0.48,2100,BUY,0.53,0.54
1771427132539,NO,0.52,2100,SELL,0.46,0.47
1771427132826,NO,0.45,0,BUY,0.46,0.47
1771427132826,YES,0.55,0,SELL,0.53,0.54
1771427132834,NO,0.46,2200,BUY,0.46,0.47
1771427132834,YES,0.54,2200,SELL,0.53,0.54
1771427132864,NO,0.46,2100,BUY,0.46,0.47
1771427132864,YES,0.54,2100,SELL,0.53,0.54
1771427132905,NO,0.45,100,BUY,0.46,0.47
1771427132905,YES,0.55,100,SELL,0.53,0.54
1771427133033,NO,0.39,2500,BUY,0.46,0.47
1771427133033,YES,0.61,2500,SELL,0.53,0.54
1771427133532,YES,0.49,0,BUY,0.53,0.54
1771427133532,NO,0.51,0,SELL,0.46,0.47
1771427133532,NO,0.39,0,BUY,0.46,0.47
1771427133532,YES,0.61,0,SELL,0.53,0.54
1771427133851,NO,0.45,0,BUY,0.46,0.47
1771427133851,YES,0.55,0,SELL,0.53,0.54
1771427133855,NO,0.46,2200,BUY,0.46,0.47
1771427133855,YES,0.54,2200,SELL,0.53,0.54
1771427134309,NO,0.46,2100,BUY,0.46,0.47
1771427134309,YES,0.54,2100,SELL,0.53,0.54
1771427134311,NO,0.45,100,BUY,0.46,0.47
1771427134311,YES,0.55,100,SELL,0.53,0.54
1771427134870,NO,0.45,0,BUY,0.46,0.47
1771427134870,YES,0.55,0,SELL,0.53,0.54
1771427134871,NO,0.46,2200,BUY,0.46,0.47
1771427134871,YES,0.54,2200,SELL,0.53,0.54
1771427135178,NO,0.46,2100,BUY,0.46,0.47
1771427135178,YES,0.54,2100,SELL,0.53,0.54
1771427135192,NO,0.45,100,BUY,0.46,0.47
1771427135192,YES,0.55,100,SELL,0.53,0.54
1771427135360,YES,0.53,0,BUY,0.48,0.54
1771427135360,NO,0.47,0,SELL,0.46,0.52
1771427135954,YES,0.45,2500,BUY,0.48,0.54
1771427135954,NO,0.55,2500,SELL,0.46,0.52
1771427136017,NO,0.41,2500,BUY,0.46,0.52
1771427136017,YES,0.59,2500,SELL,0.48,0.54
1771427137013,NO,0.02,455,BUY,0.46,0.52
1771427137013,YES,0.98,455,SELL,0.48,0.54
1771427137013,NO,0.01,3089.1,BUY,0.46,0.52
1771427137013,YES,0.99,3089.1,SELL,0.48,0.54
1771427137236,NO,0.46,2200,BUY,0.46,0.52
1771427137236,YES,0.54,2200,SELL,0.48,0.54
1771427137237,NO,0.45,0,BUY,0.46,0.52
1771427137237,YES,0.55,0,SELL,0.48,0.54
1771427137334,NO,0.46,100,BUY,0.46,0.52
1771427137334,YES,0.54,100,SELL,0.48,0.54
1771427137372,NO,0.46,2200,BUY,0.46,0.52
1771427137372,YES,0.54,2200,SELL,0.48,0.54
1771427137418,NO,0.45,100,BUY,0.46,0.52
1771427137418,YES,0.55,100,SELL,0.48,0.54
1771427137419,NO,0.46,2100,BUY,0.46,0.52
1771427137419,YES,0.54,2100,SELL,0.48,0.54
1771427137701,NO,0.11,10,BUY,0.46,0.52
1771427137701,YES,0.89,10,SELL,0.48,0.54
1771427137702,NO,0.01,3099.1,BUY,0.46,0.52
1771427137702,YES,0.99,3099.1,SELL,0.48,0.54
1771427137703,NO,0.21,17,BUY,0.46,0.52
1771427137703,YES,0.79,17,SELL,0.48,0.54
1771427137703,NO,0.07,152.85,BUY,0.46,0.52
1771427137703,YES,0.93,152.85,SELL,0.48,0.54
1771427138222,NO,0.46,2200,BUY,0.46,0.52
1771427138222,YES,0.54,2200,SELL,0.48,0.54
1771427138224,NO,0.45,0,BUY,0.46,0.52
1771427138224,YES,0.55,0,SELL,0.48,0.54
1771427138592,NO,0.46,2100,BUY,0.46,0.52
1771427138592,YES,0.54,2100,SELL,0.48,0.54
1771427138593,NO,0.45,100,BUY,0.46,0.52
1771427138593,YES,0.55,100,SELL,0.48,0.54
1771427139457,YES,0.48,2106.15,BUY,0.48,0.54
1771427139457,NO,0.52,2106.15,SELL,0.46,0.52
1771427139893,NO,0.46,2200,BUY,0.46,0.52
1771427139893,YES,0.54,2200,SELL,0.48,0.54
1771427139897,NO,0.45,0,BUY,0.46,0.52
1771427139897,YES,0.55,0,SELL,0.48,0.54
1771427139959,NO,0.46,100,BUY,0.46,0.52
1771427139959,YES,0.54,100,SELL,0.48,0.54
1771427140015,NO,0.46,2200,BUY,0.46,0.52
1771427140015,YES,0.54,2200,SELL,0.48,0.54
1771427141500,NO,0.45,100,BUY,0.46,0.52
1771427141500,YES,0.55,100,SELL,0.48,0.54
1771427141502,NO,0.46,2100,BUY,0.46,0.52
1771427141502,YES,0.54,2100,SELL,0.48,0.54
1771427141659,NO,0.45,0,BUY,0.46,0.52
1771427141659,YES,0.55,0,SELL,0.48,0.54
1771427141660,NO,0.46,2200,BUY,0.46,0.52
1771427141660,YES,0.54,2200,SELL,0.48,0.54
1771427141880,NO,0.45,100,BUY,0.46,0.52
1771427141880,YES,0.55,100,SELL,0.48,0.54
1771427141887,NO,0.46,2100,BUY,0.46,0.52
1771427141887,YES,0.54,2100,SELL,0.48,0.54
1771427141960,NO,0.45,0,BUY,0.46,0.52
1771427141960,YES,0.55,0,SELL,0.48,0.54
1771427141968,NO,0.46,2200,BUY,0.46,0.52
1771427141968,YES,0.54,2200,SELL,0.48,0.54
1771427142443,NO,0.45,100,BUY,0.46,0.52
1771427142443,YES,0.55,100,SELL,0.48,0.54
1771427142447,NO,0.46,2100,BUY,0.46,0.52
1771427142447,YES,0.54,2100,SELL,0.48,0.54
1771427142451,NO,0.01,3109.1,BUY,0.46,0.52
1771427142451,YES,0.99,3109.1,SELL,0.48,0.54
1771427142452,NO,0.07,162.85,BUY,0.46,0.52
1771427142452,YES,0.93,162.85,SELL,0.48,0.54
1771427142452,NO,0.21,27,BUY,0.46,0.52
1771427142452,YES,0.79,27,SELL,0.48,0.54
1771427142453,NO,0.11,20,BUY,0.46,0.52
1771427142453,YES,0.89,20,SELL,0.48,0.54
1771427142524,NO,0.45,0,BUY,0.46,0.52
1771427142524,YES,0.55,0,SELL,0.48,0.54
1771427142526,NO,0.46,2200,BUY,0.46,0.52
1771427142526,YES,0.54,2200,SELL,0.48,0.54
1771427142608,NO,0.46,2100,BUY,0.46,0.52
1771427142608,YES,0.54,2100,SELL,0.48,0.54
1771427142611,NO,0.45,100,BUY,0.46,0.52
1771427142611,YES,0.55,100,SELL,0.48,0.54
1771427142754,NO,0.45,0,BUY,0.46,0.52
1771427142754,YES,0.55,0,SELL,0.48,0.54
1771427142755,NO,0.46,2200,BUY,0.46,0.52
1771427142755,YES,0.54,2200,SELL,0.48,0.54
1771427142770,NO,0.02,255,BUY,0.46,0.52
1771427142770,YES,0.98,255,SELL,0.48,0.54
1771427142770,NO,0.01,2109.1,BUY,0.46,0.52
1771427142770,YES,0.99,2109.1,SELL,0.48,0.54
1771427142840,NO,0.46,2100,BUY,0.46,0.52
1771427142840,YES,0.54,2100,SELL,0.48,0.54
1771427142841,NO,0.45,100,BUY,0.46,0.52
1771427142841,YES,0.55,100,SELL,0.48,0.54
1771427142915,NO,0.46,2200,BUY,0.46,0.52
1771427142915,YES,0.54,2200,SELL,0.48,0.54
1771427142917,NO,0.45,0,BUY,0.46,0.52
1771427142917,YES,0.55,0,SELL,0.48,0.54
1771427143324,NO,0.46,2100,BUY,0.46,0.52
1771427143324,YES,0.54,2100,SELL,0.48,0.54
1771427143325,NO,0.45,100,BUY,0.46,0.52
1771427143325,YES,0.55,100,SELL,0.48,0.54
1771427143580,NO,0.11,10,BUY,0.46,0.52
1771427143580,YES,0.89,10,SELL,0.48,0.54
1771427143580,NO,0.01,2099.1,BUY,0.46,0.52
1771427143580,YES,0.99,2099.1,SELL,0.48,0.54
1771427143580,NO,0.21,17,BUY,0.46,0.52
1771427143580,YES,0.79,17,SELL,0.48,0.54
1771427143580,NO,0.07,152.85,BUY,0.46,0.52
1771427143580,YES,0.93,152.85,SELL,0.48,0.54
1771427147384,NO,0.46,0,BUY,0.45,0.52
1771427147384,YES,0.54,0,SELL,0.48,0.55
1771427147422,NO,0.45,2200,BUY,0.45,0.52
1771427147422,YES,0.55,2200,SELL,0.48,0.55
1771427147480,NO,0.44,100,BUY,0.45,0.52
1771427147480,YES,0.56,100,SELL,0.48,0.55
1771427147480,NO,0.45,2100,BUY,0.45,0.52
1771427147480,YES,0.55,2100,SELL,0.48,0.55
1771427147580,NO,0.44,0,BUY,0.45,0.52
1771427147580,YES,0.56,0,SELL,0.48,0.55
1771427147591,NO,0.45,2200,BUY,0.45,0.52
1771427147591,YES,0.55,2200,SELL,0.48,0.55
1771427148173,NO,0.01,2089.1,BUY,0.45,0.52
1771427148173,YES,0.99,2089.1,SELL,0.48,0.55
1771427148173,NO,0.07,142.85,BUY,0.45,0.52
1771427148173,YES,0.93,142.85,SELL,0.48,0.55
1771427148173,NO,0.21,7,BUY,0.45,0.52
1771427148173,YES,0.79,7,SELL,0.48,0.55
1771427148173,NO,0.11,0,BUY,0.45,0.52
1771427148173,YES,0.89,0,SELL,0.48,0.55
1771427148527,NO,0.45,2100,BUY,0.45,0.52
1771427148527,YES,0.55,2100,SELL,0.48,0.55
1771427148530,NO,0.44,100,BUY,0.45,0.52
1771427148530,YES,0.56,100,SELL,0.48,0.55
1771427148588,NO,0.45,0,BUY,0.44,0.52
1771427148588,YES,0.55,0,SELL,0.48,0.56
1771427148628,NO,0.44,2200,BUY,0.44,0.52
1771427148628,YES,0.56,2200,SELL,0.48,0.56
1771427149033,NO,0.41,0,BUY,0.44,0.52
1771427149033,YES,0.59,0,SELL,0.48,0.56
1771427149033,YES,0.45,0,BUY,0.48,0.56
1771427149033,NO,0.55,0,SELL,0.44,0.52
1771427149154,NO,0.44,2100,BUY,0.44,0.52
1771427149154,YES,0.56,2100,SELL,0.48,0.56
1771427149155,NO,0.43,100,BUY,0.44,0.52
1771427149155,YES,0.57,100,SELL,0.48,0.56
1771427149881,YES,0.47,2505,BUY,0.48,0.56
1771427149881,NO,0.53,2505,SELL,0.44,0.52
1771427149892,NO,0.39,2500,BUY,0.44,0.52
1771427149892,YES,0.61,2500,SELL,0.48,0.56
1771427149902,NO,0.44,2200,BUY,0.44,0.52
1771427149902,YES,0.56,2200,SELL,0.48,0.56
1771427149907,NO,0.43,0,BUY,0.44,0.52
1771427149907,YES,0.57,0,SELL,0.48,0.56
1771427151695,NO,0.43,100,BUY,0.44,0.52
1771427151695,YES,0.57,100,SELL,0.48,0.56
1771427151707,NO,0.44,2100,BUY,0.44,0.52
1771427151707,YES,0.56,2100,SELL,0.48,0.56
1771427151761,NO,0.44,0,BUY,0.43,0.52
1771427151761,YES,0.56,0,SELL,0.48,0.57
1771427151823,NO,0.42,2100,BUY,0.43,0.52
1771427151823,YES,0.58,2100,SELL,0.48,0.57
1771427151878,NO,0.42,0,BUY,0.43,0.52
1771427151878,YES,0.58,0,SELL,0.48,0.57
1771427151940,NO,0.43,2200,BUY,0.43,0.52
1771427151940,YES,0.57,2200,SELL,0.48,0.57
1771427152165,NO,0.44,100,BUY,0.44,0.52
1771427152165,YES,0.56,100,SELL,0.48,0.56
1771427152172,NO,0.43,2100,BUY,0.44,0.52
1771427152172,YES,0.57,2100,SELL,0.48,0.56
1771427152352,NO,0.44,0,BUY,0.43,0.52
1771427152352,YES,0.56,0,SELL,0.48,0.57
1771427152354,NO,0.43,2200,BUY,0.43,0.52
1771427152354,YES,0.57,2200,SELL,0.48,0.57
1771427153378,NO,0.43,2100,BUY,0.43,0.52
1771427153378,YES,0.57,2100,SELL,0.48,0.57
1771427153379,NO,0.44,100,BUY,0.44,0.52
1771427153379,YES,0.56,100,SELL,0.48,0.56
1771427153400,NO,0.44,0,BUY,0.43,0.52
1771427153400,YES,0.56,0,SELL,0.48,0.57
1771427153456,NO,0.43,2200,BUY,0.43,0.52
1771427153456,YES,0.57,2200,SELL,0.48,0.57
1771427153497,NO,0.44,100,BUY,0.44,0.52
1771427153497,YES,0.56,100,SELL,0.48,0.56
1771427153500,NO,0.43,2100,BUY,0.44,0.52
1771427153500,YES,0.57,2100,SELL,0.48,0.56
1771427154284,NO,0.44,0,BUY,0.43,0.52
1771427154284,YES,0.56,0,SELL,0.48,0.57
1771427154285,NO,0.43,2200,BUY,0.43,0.52
1771427154285,YES,0.57,2200,SELL,0.48,0.57
1771427154415,NO,0.01,2099.1,BUY,0.43,0.52
1771427154415,YES,0.99,2099.1,SELL,0.48,0.57
1771427154416,NO,0.07,152.85,BUY,0.43,0.52
1771427154416,YES,0.93,152.85,SELL,0.48,0.57
1771427154416,NO,0.11,10,BUY,0.43,0.52
1771427154416,YES,0.89,10,SELL,0.48,0.57
1771427154417,NO,0.21,17,BUY,0.43,0.52
1771427154417,YES,0.79,17,SELL,0.48,0.57
1771427155352,NO,0.43,2100,BUY,0.43,0.52
1771427155352,YES,0.57,2100,SELL,0.48,0.57
1771427155352,NO,0.44,100,BUY,0.44,0.52
1771427155352,YES,0.56,100,SELL,0.48,0.56
1771427155377,NO,0.44,0,BUY,0.43,0.52
1771427155377,YES,0.56,0,SELL,0.48,0.57
1771427155652,NO,0.44,100,BUY,0.44,0.52
1771427155652,YES,0.56,100,SELL,0.48,0.56
1771427155999,NO,0.43,0,BUY,0.44,0.52
1771427155999,YES,0.57,0,SELL,0.48,0.56
1771427156037,NO,0.44,2200,BUY,0.44,0.52
1771427156037,YES,0.56,2200,SELL,0.48,0.56
1771427156164,NO,0.44,2100,BUY,0.44,0.52
1771427156164,YES,0.56,2100,SELL,0.48,0.56
1771427156169,NO,0.45,100,BUY,0.45,0.52
1771427156169,YES,0.55,100,SELL,0.48,0.55
1771427156215,NO,0.44,0,BUY,0.45,0.52
1771427156215,YES,0.56,0,SELL,0.48,0.55
1771427156287,NO,0.45,2200,BUY,0.45,0.52
1771427156287,YES,0.55,2200,SELL,0.48,0.55
1771427157070,NO,0.45,2181.81,BUY,0.45,0.52
1771427157070,YES,0.55,2181.81,SELL,0.48,0.55
1771427157221,YES,0.48,2124.34,BUY,0.48,0.55
1771427157221,NO,0.52,2124.34,SELL,0.45,0.52
1771427157305,NO,0.45,2100,BUY,0.45,0.52
1771427157305,YES,0.55,2100,SELL,0.48,0.55
1771427157305,NO,0.44,100,BUY,0.45,0.52
1771427157305,YES,0.56,100,SELL,0.48,0.55
1771427157946,NO,0.45,0,BUY,0.44,0.52
1771427157946,YES,0.55,0,SELL,0.48,0.56
1771427157987,NO,0.44,2200,BUY,0.44,0.52
1771427157987,YES,0.56,2200,SELL,0.48,0.56
1771427160022,NO,0.01,2089.1,BUY,0.44,0.52
1771427160022,YES,0.99,2089.1,SELL,0.48,0.56
1771427160022,NO,0.07,142.85,BUY,0.44,0.52
1771427160022,YES,0.93,142.85,SELL,0.48,0.56
1771427160022,NO,0.11,0,BUY,0.44,0.52
1771427160022,YES,0.89,0,SELL,0.48,0.56
1771427160022,NO,0.21,7,BUY,0.44,0.52
1771427160022,YES,0.79,7,SELL,0.48,0.56
1771427162196,YES,0.48,2124.05,BUY,0.48,0.56
1771427162196,NO,0.52,2124.05,SELL,0.44,0.52
1771427164678,NO,0.44,100,BUY,0.44,0.52
1771427164678,YES,0.56,100,SELL,0.48,0.56
1771427164684,NO,0.44,0,BUY,0.39,0.52
1771427164684,YES,0.56,0,SELL,0.48,0.61
1771427164685,NO,0.45,100,BUY,0.45,0.52
1771427164685,YES,0.55,100,SELL,0.48,0.55
1771427164714,NO,0.4,100,BUY,0.45,0.52
1771427164714,YES,0.6,100,SELL,0.48,0.55
1771427164717,NO,0.45,2200,BUY,0.45,0.52
1771427164717,YES,0.55,2200,SELL,0.48,0.55
1771427165728,NO,0.45,100,BUY,0.45,0.52
1771427165728,YES,0.55,100,SELL,0.48,0.55
1771427165797,NO,0.46,2100,BUY,0.46,0.52
1771427165797,YES,0.54,2100,SELL,0.48,0.54
1771427166014,NO,0.01,2099.1,BUY,0.46,0.52
1771427166014,YES,0.99,2099.1,SELL,0.48,0.54
1771427166015,NO,0.21,17,BUY,0.46,0.52
1771427166015,YES,0.79,17,SELL,0.48,0.54
1771427166015,NO,0.11,10,BUY,0.46,0.52
1771427166015,YES,0.89,10,SELL,0.48,0.54
1771427166016,NO,0.07,152.85,BUY,0.46,0.52
1771427166016,YES,0.93,152.85,SELL,0.48,0.54
1771427166246,NO,0.39,0,BUY,0.46,0.52
1771427166246,YES,0.61,0,SELL,0.48,0.54
1771427166246,YES,0.47,5,BUY,0.48,0.54
1771427166246,NO,0.53,5,SELL,0.46,0.52
1771427166345,NO,0.41,2500,BUY,0.46,0.52
1771427166345,YES,0.59,2500,SELL,0.48,0.54
1771427166371,YES,0.45,2500,BUY,0.48,0.54
1771427166371,NO,0.55,2500,SELL,0.46,0.52
1771427167080,NO,0.01,3099.1,BUY,0.46,0.52
1771427167080,YES,0.99,3099.1,SELL,0.48,0.54
1771427167081,NO,0.02,455,BUY,0.46,0.52
1771427167081,YES,0.98,455,SELL,0.48,0.54
1771427167289,NO,0.45,0,BUY,0.46,0.52
1771427167289,YES,0.55,0,SELL,0.48,0.54
1771427167289,NO,0.4,0,BUY,0.46,0.52
1771427167289,YES,0.6,0,SELL,0.48,0.54
1771427167290,NO,0.46,2200,BUY,0.46,0.52
1771427167290,YES,0.54,2200,SELL,0.48,0.54
1771427167298,YES,0.48,2105.86,BUY,0.48,0.54
1771427167298,NO,0.52,2105.86,SELL,0.46,0.52
1771427167314,NO,0.46,2100,BUY,0.46,0.52
1771427167314,YES,0.54,2100,SELL,0.48,0.54
1771427167369,NO,0.45,100,BUY,0.46,0.52
1771427167369,YES,0.55,100,SELL,0.48,0.54
1771427167374,YES,0.48,2124.05,BUY,0.48,0.54
1771427167374,NO,0.52,2124.05,SELL,0.46,0.52
1771427167621,YES,0.48,2105.86,BUY,0.48,0.54
1771427167621,NO,0.52,2105.86,SELL,0.46,0.52
1771427167622,NO,0.45,0,BUY,0.46,0.52
1771427167622,YES,0.55,0,SELL,0.48,0.54
1771427167623,NO,0.46,2200,BUY,0.46,0.52
1771427167623,YES,0.54,2200,SELL,0.48,0.54
1771427167668,NO,0.46,2100,BUY,0.46,0.52
1771427167668,YES,0.54,2100,SELL,0.48,0.54
1771427167924,YES,0.47,23.19,BUY,0.48,0.54
1771427167924,NO,0.53,23.19,SELL,0.46,0.52
1771427167936,NO,0.46,2200,BUY,0.46,0.52
1771427167936,YES,0.54,2200,SELL,0.48,0.54
1771427167960,NO,0.46,2100,BUY,0.46,0.52
1771427167960,YES,0.54,2100,SELL,0.48,0.54
1771427167962,NO,0.45,100,BUY,0.46,0.52
1771427167962,YES,0.55,100,SELL,0.48,0.54
1771427167982,NO,0.11,20,BUY,0.46,0.52
1771427167982,YES,0.89,20,SELL,0.48,0.54
1771427167983,NO,0.07,162.85,BUY,0.46,0.52
1771427167983,YES,0.93,162.85,SELL,0.48,0.54
1771427167983,NO,0.01,3109.1,BUY,0.46,0.52
1771427167983,YES,0.99,3109.1,SELL,0.48,0.54
1771427167984,NO,0.21,27,BUY,0.46,0.52
1771427167984,YES,0.79,27,SELL,0.48,0.54
1771427168733,NO,0.45,0,BUY,0.46,0.52
1771427168733,YES,0.55,0,SELL,0.48,0.54
1771427168736,NO,0.46,2200,BUY,0.46,0.52
1771427168736,YES,0.54,2200,SELL,0.48,0.54
1771427168948,NO,0.46,100,BUY,0.46,0.52
1771427168948,YES,0.54,100,SELL,0.48,0.54
1771427169007,NO,0.46,2200,BUY,0.46,0.52
1771427169007,YES,0.54,2200,SELL,0.48,0.54
1771427170389,NO,0.46,100,BUY,0.46,0.52
1771427170389,YES,0.54,100,SELL,0.48,0.54
1771427170441,NO,0.47,2100,BUY,0.47,0.52
1771427170441,YES,0.53,2100,SELL,0.48,0.53
1771427171320,NO,0.46,0,BUY,0.47,0.52
1771427171320,YES,0.54,0,SELL,0.48,0.53
1771427171321,NO,0.45,100,BUY,0.47,0.52
1771427171321,YES,0.55,100,SELL,0.48,0.53
1771427171327,NO,0.47,0,BUY,0.45,0.52
1771427171327,YES,0.53,0,SELL,0.48,0.55
1771427171366,NO,0.45,2200,BUY,0.45,0.52
1771427171366,YES,0.55,2200,SELL,0.48,0.55
1771427171539,NO,0.45,100,BUY,0.45,0.52
1771427171539,YES,0.55,100,SELL,0.48,0.55
1771427171592,NO,0.46,2100,BUY,0.46,0.52
1771427171592,YES,0.54,2100,SELL,0.48,0.54
1771427171777,NO,0.45,0,BUY,0.46,0.52
1771427171777,YES,0.55,0,SELL,0.48,0.54
1771427171790,NO,0.46,2200,BUY,0.46,0.52
1771427171790,YES,0.54,2200,SELL,0.48,0.54
1771427171794,NO,0.01,3099.1,BUY,0.46,0.52
1771427171794,YES,0.99,3099.1,SELL,0.48,0.54
1771427171794,NO,0.21,17,BUY,0.46,0.52
1771427171794,YES,0.79,17,SELL,0.48,0.54
1771427171794,NO,0.11,10,BUY,0.46,0.52
1771427171794,YES,0.89,10,SELL,0.48,0.54
1771427171794,NO,0.07,152.85,BUY,0.46,0.52
1771427171794,YES,0.93,152.85,SELL,0.48,0.54
1771427172115,NO,0.46,2100,BUY,0.46,0.52
1771427172115,YES,0.54,2100,SELL,0.48,0.54
1771427172117,NO,0.45,100,BUY,0.46,0.52
1771427172117,YES,0.55,100,SELL,0.48,0.54
1771427172198,NO,0.45,0,BUY,0.46,0.52
1771427172198,YES,0.55,0,SELL,0.48,0.54
1771427172200,NO,0.46,2200,BUY,0.46,0.52
1771427172200,YES,0.54,2200,SELL,0.48,0.54
1771427172230,NO,0.46,2100,BUY,0.46,0.52
1771427172230,YES,0.54,2100,SELL,0.48,0.54
1771427172275,NO,0.45,100,BUY,0.46,0.52
1771427172275,YES,0.55,100,SELL,0.48,0.54
1771427172369,NO,0.45,0,BUY,0.46,0.52
1771427172369,YES,0.55,0,SELL,0.48,0.54
1771427172371,NO,0.46,2200,BUY,0.46,0.52
1771427172371,YES,0.54,2200,SELL,0.48,0.54
1771427172395,NO,0.46,2100,BUY,0.46,0.52
1771427172395,YES,0.54,2100,SELL,0.48,0.54
1771427172454,NO,0.45,100,BUY,0.46,0.52
1771427172454,YES,0.55,100,SELL,0.48,0.54
1771427172618,NO,0.46,2200,BUY,0.46,0.52
1771427172618,YES,0.54,2200,SELL,0.48,0.54
1771427172625,NO,0.45,0,BUY,0.46,0.52
1771427172625,YES,0.55,0,SELL,0.48,0.54
1771427172734,NO,0.01,2099.1,BUY,0.46,0.52
1771427172734,YES,0.99,2099.1,SELL,0.48,0.54
1771427172734,NO,0.02,255,BUY,0.46,0.52
1771427172734,YES,0.98,255,SELL,0.48,0.54
1771427172861,NO,0.46,100,BUY,0.46,0.52
1771427172861,YES,0.54,100,SELL,0.48,0.54
1771427172924,NO,0.47,2100,BUY,0.47,0.52
1771427172924,YES,0.53,2100,SELL,0.48,0.53
1771427174378,NO,0.47,2200,BUY,0.47,0.52
1771427174378,YES,0.53,2200,SELL,0.48,0.53
1771427174378,NO,0.46,0,BUY,0.47,0.52
1771427174378,YES,0.54,0,SELL,0.48,0.53
1771427174379,YES,0.47,5,BUY,0.48,0.53
1771427174379,NO,0.53,5,SELL,0.47,0.52
1771427174392,YES,0.48,6.15,BUY,0.48,0.53
1771427174392,NO,0.52,6.15,SELL,0.47,0.52
1771427174443,NO,0.47,100,BUY,0.47,0.52
1771427174443,YES,0.53,100,SELL,0.48,0.53
1771427174449,YES,0.46,2100,BUY,0.48,0.53
1771427174449,NO,0.54,2100,SELL,0.47,0.52
1771427174460,YES,0.46,2118.19,BUY,0.48,0.53
1771427174460,NO,0.54,2118.19,SELL,0.47,0.52
1771427174660,NO,0.48,2100,BUY,0.48,0.52
1771427174660,YES,0.52,2100,SELL,0.48,0.52
1771427174683,YES,0.46,18.19,BUY,0.48,0.52
1771427174683,NO,0.54,18.19,SELL,0.48,0.52
1771427174750,YES,0.47,2105,BUY,0.48,0.52
1771427174750,NO,0.53,2105,SELL,0.48,0.52
1771427175039,NO,0.41,0,BUY,0.48,0.52
1771427175039,YES,0.59,0,SELL,0.48,0.52
1771427175039,YES,0.45,0,BUY,0.48,0.52
1771427175039,NO,0.55,0,SELL,0.48,0.52
1771427175338,YES,0.47,5,BUY,0.48,0.52
1771427175338,NO,0.53,5,SELL,0.48,0.52
1771427175390,YES,0.46,2118.19,BUY,0.48,0.52
1771427175390,NO,0.54,2118.19,SELL,0.48,0.52
1771427175458,YES,0.46,2100,BUY,0.48,0.52
1771427175458,NO,0.54,2100,SELL,0.48,0.52
1771427175459,NO,0.47,0,BUY,0.48,0.52
1771427175459,YES,0.53,0,SELL,0.48,0.52
1771427175462,NO,0.48,2200,BUY,0.48,0.52
1771427175462,YES,0.52,2200,SELL,0.48,0.52
1771427175510,NO,0.48,100,BUY,0.48,0.52
1771427175510,YES,0.52,100,SELL,0.48,0.52
1771427175538,YES,0.45,18.19,BUY,0.48,0.52
1771427175538,NO,0.55,18.19,SELL,0.48,0.52
1771427175552,NO,0.49,2100,BUY,0.49,0.52
1771427175552,YES,0.51,2100,SELL,0.48,0.51
1771427175659,YES,0.46,0,BUY,0.48,0.51
1771427175659,NO,0.54,0,SELL,0.49,0.52
1771427175694,YES,0.43,2500,BUY,0.48,0.51
1771427175694,NO,0.57,2500,SELL,0.49,0.52
1771427175719,YES,0.45,2118.19,BUY,0.48,0.51
1771427175719,NO,0.55,2118.19,SELL,0.49,0.52
1771427175746,NO,0.43,2500,BUY,0.49,0.52
1771427175746,YES,0.57,2500,SELL,0.48,0.51
1771427176478,YES,0.45,2100,BUY,0.48,0.51
1771427176478,NO,0.55,2100,SELL,0.49,0.52
1771427176479,NO,0.48,0,BUY,0.49,0.52
1771427176479,YES,0.52,0,SELL,0.48,0.51
1771427176486,NO,0.49,2200,BUY,0.49,0.52
1771427176486,YES,0.51,2200,SELL,0.48,0.51
1771427176497,NO,0.43,0,BUY,0.49,0.52
1771427176497,YES,0.57,0,SELL,0.48,0.51
1771427176498,YES,0.43,0,BUY,0.48,0.51
1771427176498,NO,0.57,0,SELL,0.49,0.52
1771427176525,YES,0.45,0,BUY,0.48,0.51
1771427176525,NO,0.55,0,SELL,0.49,0.52
1771427176546,NO,0.49,100,BUY,0.49,0.52
1771427176546,YES,0.51,100,SELL,0.48,0.51
1771427176555,YES,0.44,18.19,BUY,0.48,0.51
1771427176555,NO,0.56,18.19,SELL,0.49,0.52
1771427176568,YES,0.44,2118.19,BUY,0.48,0.51
1771427176568,NO,0.56,2118.19,SELL,0.49,0.52
1771427176595,YES,0.41,2500,BUY,0.48,0.51
1771427176595,NO,0.59,2500,SELL,0.49,0.52
1771427176597,NO,0.45,2500,BUY,0.49,0.52
1771427176597,YES,0.55,2500,SELL,0.48,0.51
1771427176758,NO,0.5,2100,BUY,0.5,0.52
1771427176758,YES,0.5,2100,SELL,0.48,0.5
1771427177563,NO,0.49,0,BUY,0.5,0.52
1771427177563,YES,0.51,0,SELL,0.48,0.5
1771427177564,YES,0.44,18.19,BUY,0.48,0.5
1771427177564,NO,0.56,18.19,SELL,0.5,0.52
1771427177566,NO,0.48,100,BUY,0.5,0.52
1771427177566,YES,0.52,100,SELL,0.48,0.5
1771427177627,YES,0.45,2100,BUY,0.48,0.5
1771427177627,NO,0.55,2100,SELL,0.5,0.52
1771427177770,NO,0.48,0,BUY,0.5,0.52
1771427177770,YES,0.52,0,SELL,0.48,0.5
1771427177771,NO,0.49,100,BUY,0.5,0.52
1771427177771,YES,0.51,100,SELL,0.48,0.5
1771427178067,NO,0.01,2109.1,BUY,0.5,0.52
1771427178067,YES,0.99,2109.1,SELL,0.48,0.5
1771427178069,NO,0.21,27,BUY,0.5,0.52
1771427178069,YES,0.79,27,SELL,0.48,0.5
1771427178069,NO,0.07,162.85,BUY,0.5,0.52
1771427178069,YES,0.93,162.85,SELL,0.48,0.5
1771427178070,NO,0.11,20,BUY,0.5,0.52
1771427178070,YES,0.89,20,SELL,0.48,0.5
1771427178187,YES,0.48,0,BUY,0.47,0.5
1771427178187,NO,0.52,0,SELL,0.5,0.53
1771427178900,NO,0.02,455,BUY,0.5,0.53
1771427178900,YES,0.98,455,SELL,0.47,0.5
1771427178900,NO,0.01,3109.1,BUY,0.5,0.53
1771427178900,YES,0.99,3109.1,SELL,0.47,0.5
1771427179110,NO,0.49,0,BUY,0.5,0.53
1771427179110,YES,0.51,0,SELL,0.47,0.5
1771427179111,NO,0.48,100,BUY,0.5,0.53
1771427179111,YES,0.52,100,SELL,0.47,0.5
1771427179671,NO,0.48,0,BUY,0.5,0.53
1771427179671,YES,0.52,0,SELL,0.47,0.5
1771427179672,NO,0.49,100,BUY,0.5,0.53
1771427179672,YES,0.51,100,SELL,0.47,0.5
1771427179763,NO,0.49,0,BUY,0.5,0.53
1771427179763,YES,0.51,0,SELL,0.47,0.5
1771427179765,NO,0.48,100,BUY,0.5,0.53
1771427179765,YES,0.52,100,SELL,0.47,0.5
1771427180150,YES,0.45,0,BUY,0.47,0.5
1771427180150,NO,0.55,0,SELL,0.5,0.53
1771427180156,NO,0.5,0,BUY,0.48,0.53
1771427180156,YES,0.5,0,SELL,0.47,0.52
1771427180183,YES,0.46,2100,BUY,0.47,0.52
1771427180183,NO,0.54,2100,SELL,0.48,0.53
1771427180240,NO,0.48,2200,BUY,0.48,0.53
1771427180240,YES,0.52,2200,SELL,0.47,0.52
1771427180256,NO,0.48,2100,BUY,0.48,0.53
1771427180256,YES,0.52,2100,SELL,0.47,0.52
1771427180256,NO,0.47,100,BUY,0.48,0.53
1771427180256,YES,0.53,100,SELL,0.47,0.52
1771427180527,NO,0.47,0,BUY,0.48,0.53
1771427180527,YES,0.53,0,SELL,0.47,0.52
1771427180528,NO,0.48,2200,BUY,0.48,0.53
1771427180528,YES,0.52,2200,SELL,0.47,0.52
1771427180727,NO,0.48,100,BUY,0.48,0.53
1771427180727,YES,0.52,100,SELL,0.47,0.52
1771427180862,NO,0.49,2100,BUY,0.49,0.53
1771427180862,YES,0.51,2100,SELL,0.47,0.51
1771427182761,YES,0.46,0,BUY,0.47,0.51
1771427182761,NO,0.54,0,SELL,0.49,0.53
1771427182814,YES,0.45,2100,BUY,0.47,0.51
1771427182814,NO,0.55,2100,SELL,0.49,0.53
1771427183492,YES,0.45,0,BUY,0.47,0.51
1771427183492,NO,0.55,0,SELL,0.49,0.53
1771427183529,YES,0.46,2100,BUY,0.47,0.51
1771427183529,NO,0.54,2100,SELL,0.49,0.53
1771427184332,NO,0.48,0,BUY,0.49,0.53
1771427184332,YES,0.52,0,SELL,0.47,0.51
1771427184332,NO,0.47,100,BUY,0.49,0.53
1771427184332,YES,0.53,100,SELL,0.47,0.51
1771427184407,NO,0.47,0,BUY,0.49,0.53
1771427184407,YES,0.53,0,SELL,0.47,0.51
1771427184412,NO,0.48,100,BUY,0.49,0.53
1771427184412,YES,0.52,100,SELL,0.47,0.51
1771427184469,NO,0.48,0,BUY,0.49,0.53
1771427184469,YES,0.52,0,SELL,0.47,0.51
1771427184553,NO,0.48,100,BUY,0.49,0.53
1771427184553,YES,0.52,100,SELL,0.47,0.51
1771427186215,YES,0.47,11.15,BUY,0.47,0.51
1771427186215,NO,0.53,11.15,SELL,0.49,0.53
1771427186304,YES,0.46,0,BUY,0.47,0.51
1771427186304,NO,0.54,0,SELL,0.49,0.53
1771427186461,YES,0.45,2100,BUY,0.47,0.51
1771427186461,NO,0.55,2100,SELL,0.49,0.53
1771427188370,NO,0.48,0,BUY,0.49,0.53
1771427188370,YES,0.52,0,SELL,0.47,0.51
1771427188374,NO,0.49,2200,BUY,0.49,0.53
1771427188374,YES,0.51,2200,SELL,0.47,0.51
1771427189830,NO,0.01,3099.1,BUY,0.49,0.53
1771427189830,YES,0.99,3099.1,SELL,0.47,0.51
1771427189830,NO,0.21,17,BUY,0.49,0.53
1771427189830,YES,0.79,17,SELL,0.47,0.51
1771427189830,NO,0.07,152.85,BUY,0.49,0.53
1771427189830,YES,0.93,152.85,SELL,0.47,0.51
1771427189830,NO,0.11,10,BUY,0.49,0.53
1771427189830,YES,0.89,10,SELL,0.47,0.51
1771427190237,NO,0.49,100,BUY,0.49,0.53
1771427190237,YES,0.51,100,SELL,0.47,0.51
1771427190285,YES,0.45,0,BUY,0.47,0.51
1771427190285,NO,0.55,0,SELL,0.49,0.53
1771427190306,NO,0.5,2100,BUY,0.5,0.53
1771427190306,YES,0.5,2100,SELL,0.47,0.5
1771427190352,YES,0.47,5,BUY,0.47,0.5
1771427190352,NO,0.53,5,SELL,0.5,0.53
1771427190353,YES,0.44,2118.19,BUY,0.47,0.5
1771427190353,NO,0.56,2118.19,SELL,0.5,0.53
1771427190700,NO,0.02,255,BUY,0.5,0.53
1771427190700,YES,0.98,255,SELL,0.47,0.5
1771427190700,NO,0.01,2099.1,BUY,0.5,0.53
1771427190700,YES,0.99,2099.1,SELL,0.47,0.5
1771427195701,NO,0.49,0,BUY,0.5,0.53
1771427195701,YES,0.51,0,SELL,0.47,0.5
1771427195702,NO,0.5,2200,BUY,0.5,0.53
1771427195702,YES,0.5,2200,SELL,0.47,0.5
1771427195708,YES,0.44,2100,BUY,0.47,0.5
1771427195708,NO,0.56,2100,SELL,0.5,0.53
1771427195760,YES,0.44,0,BUY,0.47,0.5
1771427195760,NO,0.56,0,SELL,0.5,0.53
1771427195784,YES,0.43,18.19,BUY,0.47,0.5
1771427195784,NO,0.57,18.19,SELL,0.5,0.53
1771427195825,NO,0.5,100,BUY,0.5,0.53
1771427195825,YES,0.5,100,SELL,0.47,0.5
1771427195842,YES,0.43,2118.19,BUY,0.47,0.5
1771427195842,NO,0.57,2118.19,SELL,0.5,0.53
1771427195923,NO,0.51,2100,BUY,0.51,0.53
1771427195923,YES,0.49,2100,SELL,0.47,0.49
1771427196025,NO,0.21,27,BUY,0.51,0.53
1771427196025,YES,0.79,27,SELL,0.47,0.49
1771427196026,NO,0.07,162.85,BUY,0.51,0.53
1771427196026,YES,0.93,162.85,SELL,0.47,0.49
1771427196026,NO,0.01,2109.1,BUY,0.51,0.53
1771427196026,YES,0.99,2109.1,SELL,0.47,0.49
1771427196027,NO,0.11,20,BUY,0.51,0.53
1771427196027,YES,0.89,20,SELL,0.47,0.49
1771427196695,YES,0.41,0,BUY,0.47,0.49
1771427196695,NO,0.59,0,SELL,0.51,0.53
1771427196695,NO,0.45,0,BUY,0.51,0.53
1771427196695,YES,0.55,0,SELL,0.47,0.49
1771427196782,YES,0.39,2500,BUY,0.47,0.49
1771427196782,NO,0.61,2500,SELL,0.51,0.53
1771427196784,NO,0.47,2500,BUY,0.51,0.53
1771427196784,YES,0.53,2500,SELL,0.47,0.49
1771427196847,NO,0.02,455,BUY,0.51,0.53
1771427196847,YES,0.98,455,SELL,0.47,0.49
1771427196847,NO,0.01,3109.1,BUY,0.51,0.53
1771427196847,YES,0.99,3109.1,SELL,0.47,0.49
1771427197858,YES,0.43,18.19,BUY,0.47,0.49
1771427197858,NO,0.57,18.19,SELL,0.51,0.53
1771427197921,YES,0.42,2100,BUY,0.47,0.49
1771427197921,NO,0.58,2100,SELL,0.51,0.53
1771427198156,NO,0.5,0,BUY,0.51,0.53
1771427198156,YES,0.5,0,SELL,0.47,0.49
1771427198157,YES,0.43,0,BUY,0.47,0.49
1771427198157,NO,0.57,0,SELL,0.51,0.53
1771427198160,NO,0.51,2200,BUY,0.51,0.53
1771427198160,YES,0.49,2200,SELL,0.47,0.49
1771427198232,NO,0.51,100,BUY,0.51,0.53
1771427198232,YES,0.49,100,SELL,0.47,0.49
1771427198234,YES,0.42,2118.19,BUY,0.47,0.49
1771427198234,NO,0.58,2118.19,SELL,0.51,0.53
1771427198295,NO,0.52,2100,BUY,0.52,0.53
1771427198295,YES,0.48,2100,SELL,0.47,0.48
1771427202725,NO,0.5,100,BUY,0.52,0.53
1771427202725,YES,0.5,100,SELL,0.47,0.48
1771427202725,NO,0.51,0,BUY,0.52,0.53
1771427202725,YES,0.49,0,SELL,0.47,0.48
1771427202767,NO,0.07,262.85,BUY,0.52,0.53
1771427202767,YES,0.93,262.85,SELL,0.47,0.48
1771427203074,NO,0.5,0,BUY,0.52,0.53
1771427203074,YES,0.5,0,SELL,0.47,0.48
1771427203076,NO,0.51,100,BUY,0.52,0.53
1771427203076,YES,0.49,100,SELL,0.47,0.48
1771427203469,NO,0.51,0,BUY,0.52,0.53
1771427203469,YES,0.49,0,SELL,0.47,0.48
1771427203471,NO,0.5,100,BUY,0.52,0.53
1771427203471,YES,0.5,100,SELL,0.47,0.48
1771427203770,YES,0.42,18.19,BUY,0.47,0.48
1771427203770,NO,0.58,18.19,SELL,0.52,0.53
1771427203834,YES,0.43,2100,BUY,0.47,0.48
1771427203834,NO,0.57,2100,SELL,0.52,0.53
1771427204663,NO,0.52,0,BUY,0.5,0.53
1771427204663,YES,0.48,0,SELL,0.47,0.5
1771427204664,YES,0.43,0,BUY,0.47,0.5
1771427204664,NO,0.57,0,SELL,0.5,0.53
1771427204886,YES,0.44,2100,BUY,0.47,0.5
1771427204886,NO,0.56,2100,SELL,0.5,0.53
1771427205015,NO,0.51,2100,BUY,0.51,0.53
1771427205015,YES,0.49,2100,SELL,0.47,0.49
1771427205215,YES,0.44,0,BUY,0.47,0.49
1771427205215,NO,0.56,0,SELL,0.51,0.53
1771427205287,YES,0.43,2100,BUY,0.47,0.49
1771427205287,NO,0.57,2100,SELL,0.51,0.53
1771427206044,YES,0.47,11.12,BUY,0.47,0.49
1771427206044,NO,0.53,11.12,SELL,0.51,0.53
1771427206615,YES,0.43,0,BUY,0.47,0.49
1771427206615,NO,0.57,0,SELL,0.51,0.53
1771427206650,YES,0.43,2100,BUY,0.47,0.49
1771427206650,NO,0.57,2100,SELL,0.51,0.53
1771427206751,NO,0.5,0,BUY,0.51,0.53
1771427206751,YES,0.5,0,SELL,0.47,0.49
1771427206752,YES,0.43,0,BUY,0.47,0.49
1771427206752,NO,0.57,0,SELL,0.51,0.53
1771427206752,NO,0.49,100,BUY,0.51,0.53
1771427206752,YES,0.51,100,SELL,0.47,0.49
1771427206798,YES,0.44,2100,BUY,0.47,0.49
1771427206798,NO,0.56,2100,SELL,0.51,0.53
1771427207827,NO,0.51,0,BUY,0.49,0.53
1771427207827,YES,0.49,0,SELL,0.47,0.51
1771427207828,YES,0.44,0,BUY,0.47,0.51
1771427207828,NO,0.56,0,SELL,0.49,0.53
1771427207864,YES,0.45,2100,BUY,0.47,0.51
1771427207864,NO,0.55,2100,SELL,0.49,0.53
1771427207928,NO,0.5,2100,BUY,0.5,0.53
1771427207928,YES,0.5,2100,SELL,0.47,0.5
1771427208243,NO,0.47,0,BUY,0.5,0.53
1771427208243,YES,0.53,0,SELL,0.47,0.5
1771427208243,YES,0.39,0,BUY,0.47,0.5
1771427208243,NO,0.61,0,SELL,0.5,0.53
1771427208255,YES,0.45,0,BUY,0.47,0.5
1771427208255,NO,0.55,0,SELL,0.5,0.53
1771427208302,YES,0.44,2100,BUY,0.47,0.5
1771427208302,NO,0.56,2100,SELL,0.5,0.53
1771427209115,NO,0.49,0,BUY,0.5,0.53
1771427209115,YES,0.51,0,SELL,0.47,0.5
1771427209116,NO,0.5,2200,BUY,0.5,0.53
1771427209116,YES,0.5,2200,SELL,0.47,0.5
1771427209175,NO,0.5,2100,BUY,0.5,0.53
1771427209175,YES,0.5,2100,SELL,0.47,0.5
1771427209190,NO,0.49,100,BUY,0.5,0.53
1771427209190,YES,0.51,100,SELL,0.47,0.5
1771427209207,NO,0.5,0,BUY,0.49,0.53
1771427209207,YES,0.5,0,SELL,0.47,0.51
1771427209252,NO,0.49,0,BUY,0.37,0.53
1771427209252,YES,0.51,0,SELL,0.47,0.63
1771427209255,NO,0.5,100,BUY,0.5,0.53
1771427209255,YES,0.5,100,SELL,0.47,0.5
1771427209276,NO,0.51,2100,BUY,0.51,0.53
1771427209276,YES,0.49,2100,SELL,0.47,0.49
1771427209278,NO,0.5,0,BUY,0.51,0.53
1771427209278,YES,0.5,0,SELL,0.47,0.49
1771427209280,NO,0.38,100,BUY,0.51,0.53
1771427209280,YES,0.62,100,SELL,0.47,0.49
1771427209352,NO,0.38,0,BUY,0.51,0.53
1771427209352,YES,0.62,0,SELL,0.47,0.49
1771427209362,NO,0.5,100,BUY,0.51,0.53
1771427209362,YES,0.5,100,SELL,0.47,0.49
1771427209832,NO,0.45,2500,BUY,0.51,0.53
1771427209832,YES,0.55,2500,SELL,0.47,0.49
1771427210040,YES,0.41,2500,BUY,0.47,0.49
1771427210040,NO,0.59,2500,SELL,0.51,0.53
1771427210304,NO,0.11,10,BUY,0.51,0.53
1771427210304,YES,0.89,10,SELL,0.47,0.49
1771427210304,NO,0.07,252.85,BUY,0.51,0.53
1771427210304,YES,0.93,252.85,SELL,0.47,0.49
1771427210304,NO,0.01,3099.1,BUY,0.51,0.53
1771427210304,YES,0.99,3099.1,SELL,0.47,0.49
1771427210304,NO,0.21,17,BUY,0.51,0.53
1771427210304,YES,0.79,17,SELL,0.47,0.49
1771427210562,YES,0.44,0,BUY,0.47,0.49
1771427210562,NO,0.56,0,SELL,0.51,0.53
1771427210627,YES,0.43,2100,BUY,0.47,0.49
1771427210627,NO,0.57,2100,SELL,0.51,0.53
1771427211152,NO,0.45,0,BUY,0.51,0.53
1771427211152,YES,0.55,0,SELL,0.47,0.49
1771427211158,YES,0.41,0,BUY,0.47,0.49
1771427211158,NO,0.59,0,SELL,0.51,0.53
1771427212179,NO,0.5,0,BUY,0.51,0.53
1771427212179,YES,0.5,0,SELL,0.47,0.49
1771427212181,NO,0.51,2200,BUY,0.51,0.53
1771427212181,YES,0.49,2200,SELL,0.47,0.49
1771427212257,NO,0.51,100,BUY,0.51,0.53
1771427212257,YES,0.49,100,SELL,0.47,0.49
1771427212274,NO,0.51,0,BUY,0.37,0.53
1771427212274,YES,0.49,0,SELL,0.47,0.63
1771427212280,NO,0.5,100,BUY,0.5,0.53
1771427212280,YES,0.5,100,SELL,0.47,0.5
1771427212300,NO,0.38,100,BUY,0.5,0.53
1771427212300,YES,0.62,100,SELL,0.47,0.5
1771427212300,NO,0.52,2100,BUY,0.52,0.53
1771427212300,YES,0.48,2100,SELL,0.47,0.48
1771427212350,NO,0.38,0,BUY,0.52,0.53
1771427212350,YES,0.62,0,SELL,0.47,0.48
1771427212352,NO,0.51,100,BUY,0.52,0.53
1771427212352,YES,0.49,100,SELL,0.47,0.48
1771427212353,NO,0.5,0,BUY,0.52,0.53
1771427212353,YES,0.5,0,SELL,0.47,0.48
1771427212361,YES,0.43,0,BUY,0.47,0.48
1771427212361,NO,0.57,0,SELL,0.52,0.53
1771427212418,YES,0.41,2100,BUY,0.47,0.48
1771427212418,NO,0.59,2100,SELL,0.52,0.53
1771427212508,YES,0.41,0,BUY,0.47,0.48
1771427212508,NO,0.59,0,SELL,0.52,0.53
1771427213417,YES,0.42,2118.19,BUY,0.47,0.48
1771427213417,NO,0.58,2118.19,SELL,0.52,0.53
1771427213430,NO,0.51,0,BUY,0.52,0.53
1771427213430,YES,0.49,0,SELL,0.47,0.48
1771427213433,NO,0.5,100,BUY,0.52,0.53
1771427213433,YES,0.5,100,SELL,0.47,0.48
1771427213547,YES,0.42,18.19,BUY,0.47,0.48
1771427213547,NO,0.58,18.19,SELL,0.52,0.53
1771427213609,YES,0.42,2118.19,BUY,0.47,0.48
1771427213609,NO,0.58,2118.19,SELL,0.52,0.53
1771427213642,YES,0.42,18.19,BUY,0.47,0.48
1771427213642,NO,0.58,18.19,SELL,0.52,0.53
1771427213679,YES,0.43,2100,BUY,0.47,0.48
1771427213679,NO,0.57,2100,SELL,0.52,0.53
1771427213956,NO,0.21,7,BUY,0.52,0.53
1771427213956,YES,0.79,7,SELL,0.47,0.48
1771427213956,NO,0.07,242.85,BUY,0.52,0.53
1771427213956,YES,0.93,242.85,SELL,0.47,0.48
1771427213956,NO,0.01,3089.1,BUY,0.52,0.53
1771427213956,YES,0.99,3089.1,SELL,0.47,0.48
1771427213956,NO,0.11,0,BUY,0.52,0.53
1771427213956,YES,0.89,0,SELL,0.47,0.48
1771427213988,NO,0.48,2500,BUY,0.52,0.53
1771427213988,YES,0.52,2500,SELL,0.47,0.48
1771427214219,YES,0.47,5,BUY,0.47,0.48
1771427214219,NO,0.53,5,SELL,0.52,0.53
1771427214271,NO,0.02,255,BUY,0.52,0.53
1771427214271,YES,0.98,255,SELL,0.47,0.48
1771427214271,NO,0.01,2089.1,BUY,0.52,0.53
1771427214271,YES,0.99,2089.1,SELL,0.47,0.48
1771427214271,NO,0.07,142.85,BUY,0.52,0.53
1771427214271,YES,0.93,142.85,SELL,0.47,0.48
1771427214343,YES,0.38,2500,BUY,0.47,0.48
1771427214343,NO,0.62,2500,SELL,0.52,0.53
1771427215016,YES,0.43,0,BUY,0.47,0.48
1771427215016,NO,0.57,0,SELL,0.52,0.53
1771427215016,NO,0.52,0,BUY,0.5,0.53
1771427215016,YES,0.48,0,SELL,0.47,0.5
1771427215064,YES,0.44,2100,BUY,0.47,0.5
1771427215064,NO,0.56,2100,SELL,0.5,0.53
1771427215074,NO,0.49,100,BUY,0.5,0.53
1771427215074,YES,0.51,100,SELL,0.47,0.5
1771427215074,NO,0.5,0,BUY,0.49,0.53
1771427215074,YES,0.5,0,SELL,0.47,0.51
1771427215170,NO,0.5,2100,BUY,0.5,0.53
1771427215170,YES,0.5,2100,SELL,0.47,0.5
1771427215308,NO,0.48,0,BUY,0.5,0.53
1771427215308,YES,0.52,0,SELL,0.47,0.5
1771427215308,YES,0.38,0,BUY,0.47,0.5
1771427215308,NO,0.62,0,SELL,0.5,0.53
1771427216852,YES,0.4,2500,BUY,0.47,0.5
1771427216852,NO,0.6,2500,SELL,0.5,0.53
1771427216891,NO,0.46,2500,BUY,0.5,0.53
1771427216891,YES,0.54,2500,SELL,0.47,0.5
1771427217616,NO,0.49,0,BUY,0.5,0.53
1771427217616,YES,0.51,0,SELL,0.47,0.5
1771427217629,NO,0.5,2200,BUY,0.5,0.53
1771427217629,YES,0.5,2200,SELL,0.47,0.5
1771427217723,NO,0.5,100,BUY,0.5,0.53
1771427217723,YES,0.5,100,SELL,0.47,0.5
1771427218015,NO,0.51,2100,BUY,0.51,0.53
1771427218015,YES,0.49,2100,SELL,0.47,0.49
1771427218265,YES,0.44,0,BUY,0.47,0.49
1771427218265,NO,0.56,0,SELL,0.51,0.53
1771427218361,YES,0.47,11.15,BUY,0.47,0.49
1771427218361,NO,0.53,11.15,SELL,0.51,0.53
1771427218384,YES,0.43,2100,BUY,0.47,0.49
1771427218384,NO,0.57,2100,SELL,0.51,0.53
1771427218775,YES,0.43,0,BUY,0.47,0.49
1771427218775,NO,0.57,0,SELL,0.51,0.53
1771427218838,YES,0.42,2118.19,BUY,0.47,0.49
1771427218838,NO,0.58,2118.19,SELL,0.51,0.53
1771427219266,NO,0.5,0,BUY,0.51,0.53
1771427219266,YES,0.5,0,SELL,0.47,0.49
1771427219282,NO,0.51,2200,BUY,0.51,0.53
1771427219282,YES,0.49,2200,SELL,0.47,0.49
1771427219402,NO,0.51,100,BUY,0.51,0.53
1771427219402,YES,0.49,100,SELL,0.47,0.49
1771427219449,NO,0.52,2100,BUY,0.52,0.53
1771427219449,YES,0.48,2100,SELL,0.47,0.48
1771427219942,NO,0.46,0,BUY,0.52,0.53
1771427219942,YES,0.54,0,SELL,0.47,0.48
1771427219942,YES,0.4,0,BUY,0.47,0.48
1771427219942,NO,0.6,0,SELL,0.52,0.53
1771427220347,NO,0.21,17,BUY,0.52,0.53
1771427220347,YES,0.79,17,SELL,0.47,0.48
1771427220348,NO,0.07,152.85,BUY,0.52,0.53
1771427220348,YES,0.93,152.85,SELL,0.47,0.48
1771427220348,NO,0.01,2099.1,BUY,0.52,0.53
1771427220348,YES,0.99,2099.1,SELL,0.47,0.48
1771427220349,NO,0.11,10,BUY,0.52,0.53
1771427220349,YES,0.89,10,SELL,0.47,0.48
1771427220499,NO,0.01,3099.1,BUY,0.52,0.53
1771427220499,YES,0.99,3099.1,SELL,0.47,0.48
1771427220500,NO,0.02,455,BUY,0.52,0.53
1771427220500,YES,0.98,455,SELL,0.47,0.48
1771427220897,YES,0.42,2100,BUY,0.47,0.48
1771427220897,NO,0.58,2100,SELL,0.52,0.53
1771427220900,NO,0.52,2200,BUY,0.52,0.53
1771427220900,YES,0.48,2200,SELL,0.47,0.48
1771427220911,NO,0.51,0,BUY,0.52,0.53
1771427220911,YES,0.49,0,SELL,0.47,0.48
1771427220913,YES,0.42,0,BUY,0.47,0.48
1771427220913,NO,0.58,0,SELL,0.52,0.53
1771427220942,NO,0.52,2100,BUY,0.52,0.53
1771427220942,YES,0.48,2100,SELL,0.47,0.48
1771427220956,YES,0.41,2100,BUY,0.47,0.48
1771427220956,NO,0.59,2100,SELL,0.52,0.53
1771427220978,YES,0.42,18.19,BUY,0.47,0.48
1771427220978,NO,0.58,18.19,SELL,0.52,0.53
1771427220985,YES,0.41,0,BUY,0.47,0.48
1771427220985,NO,0.59,0,SELL,0.52,0.53
1771427220989,NO,0.48,2500,BUY,0.52,0.53
1771427220989,YES,0.52,2500,SELL,0.47,0.48
1771427220994,NO,0.51,100,BUY,0.52,0.53
1771427220994,YES,0.49,100,SELL,0.47,0.48
1771427221022,YES,0.42,2118.19,BUY,0.47,0.48
1771427221022,NO,0.58,2118.19,SELL,0.52,0.53
1771427221065,YES,0.38,2500,BUY,0.47,0.48
1771427221065,NO,0.62,2500,SELL,0.52,0.53
1771427221666,NO,0.5,100,BUY,0.52,0.53
1771427221666,YES,0.5,100,SELL,0.47,0.48
1771427221670,NO,0.51,0,BUY,0.52,0.53
1771427221670,YES,0.49,0,SELL,0.47,0.48
1771427221681,YES,0.42,18.19,BUY,0.47,0.48
1771427221681,NO,0.58,18.19,SELL,0.52,0.53
1771427221719,YES,0.43,2100,BUY,0.47,0.48
1771427221719,NO,0.57,2100,SELL,0.52,0.53
1771427222472,YES,0.47,5,BUY,0.47,0.48
1771427222472,NO,0.53,5,SELL,0.52,0.53
1771427222862,NO,0.01,3109.1,BUY,0.52,0.53
1771427222862,YES,0.99,3109.1,SELL,0.47,0.48
1771427222863,NO,0.11,20,BUY,0.52,0.53
1771427222863,YES,0.89,20,SELL,0.47,0.48
1771427222864,NO,0.07,162.85,BUY,0.52,0.53
1771427222864,YES,0.93,162.85,SELL,0.47,0.48
1771427222865,NO,0.21,27,BUY,0.52,0.53
1771427222865,YES,0.79,27,SELL,0.47,0.48
1771427223043,NO,0.52,0,BUY,0.5,0.53
1771427223043,YES,0.48,0,SELL,0.47,0.5
1771427223049,YES,0.43,0,BUY,0.47,0.5
1771427223049,NO,0.57,0,SELL,0.5,0.53
1771427223101,YES,0.44,2100,BUY,0.47,0.5
1771427223101,NO,0.56,2100,SELL,0.5,0.53
1771427223146,NO,0.5,2200,BUY,0.5,0.53
1771427223146,YES,0.5,2200,SELL,0.47,0.5
1771427223264,NO,0.5,100,BUY,0.5,0.53
1771427223264,YES,0.5,100,SELL,0.47,0.5
1771427223518,NO,0.51,2100,BUY,0.51,0.53
1771427223518,YES,0.49,2100,SELL,0.47,0.49
1771427223791,NO,0.5,0,BUY,0.51,0.53
1771427223791,YES,0.5,0,SELL,0.47,0.49
1771427223797,NO,0.49,100,BUY,0.51,0.53
1771427223797,YES,0.51,100,SELL,0.47,0.49
1771427224021,NO,0.49,0,BUY,0.51,0.53
1771427224021,YES,0.51,0,SELL,0.47,0.49
1771427224022,NO,0.5,100,BUY,0.51,0.53
1771427224022,YES,0.5,100,SELL,0.47,0.49
1771427224126,NO,0.5,0,BUY,0.51,0.53
1771427224126,YES,0.5,0,SELL,0.47,0.49
1771427224127,NO,0.49,100,BUY,0.51,0.53
1771427224127,YES,0.51,100,SELL,0.47,0.49
1771427224475,NO,0.48,0,BUY,0.51,0.53
1771427224475,YES,0.52,0,SELL,0.47,0.49
1771427224476,YES,0.38,0,BUY,0.47,0.49
1771427224476,NO,0.62,0,SELL,0.51,0.53
1771427224584,NO,0.51,0,BUY,0.49,0.53
1771427224584,YES,0.49,0,SELL,0.47,0.51
1771427224585,YES,0.44,0,BUY,0.47,0.51
1771427224585,NO,0.56,0,SELL,0.49,0.53
1771427224733,YES,0.45,2100,BUY,0.47,0.51
1771427224733,NO,0.55,2100,SELL,0.49,0.53
1771427224901,NO,0.5,2100,BUY,0.5,0.53
1771427224901,YES,0.5,2100,SELL,0.47,0.5
1771427225319,NO,0.46,2500,BUY,0.5,0.53
1771427225319,YES,0.54,2500,SELL,0.47,0.5
1771427225413,NO,0.49,0,BUY,0.5,0.53
1771427225413,YES,0.51,0,SELL,0.47,0.5
1771427225416,NO,0.48,100,BUY,0.5,0.53
1771427225416,YES,0.52,100,SELL,0.47,0.5
1771427225445,YES,0.4,2500,BUY,0.47,0.5
1771427225445,NO,0.6,2500,SELL,0.5,0.53
1771427225490,NO,0.48,0,BUY,0.5,0.53
1771427225490,YES,0.52,0,SELL,0.47,0.5
1771427225491,NO,0.49,100,BUY,0.5,0.53
1771427225491,YES,0.51,100,SELL,0.47,0.5
1771427225613,NO,0.49,0,BUY,0.5,0.53
1771427225613,YES,0.51,0,SELL,0.47,0.5
1771427225615,NO,0.48,100,BUY,0.5,0.53
1771427225615,YES,0.52,100,SELL,0.47,0.5
1771427225623,NO,0.5,0,BUY,0.48,0.53
1771427225623,YES,0.5,0,SELL,0.47,0.52
1771427225623,YES,0.45,0,BUY,0.47,0.52
1771427225623,NO,0.55,0,SELL,0.48,0.53
1771427225843,YES,0.46,2100,BUY,0.47,0.52
1771427225843,NO,0.54,2100,SELL,0.48,0.53
1771427225913,NO,0.49,2100,BUY,0.49,0.53
1771427225913,YES,0.51,2100,SELL,0.47,0.51
1771427226306,NO,0.21,17,BUY,0.49,0.53
1771427226306,YES,0.79,17,SELL,0.47,0.51
1771427226306,NO,0.07,152.85,BUY,0.49,0.53
1771427226306,YES,0.93,152.85,SELL,0.47,0.51
1771427226306,NO,0.01,3099.1,BUY,0.49,0.53
1771427226306,YES,0.99,3099.1,SELL,0.47,0.51
1771427226306,NO,0.11,10,BUY,0.49,0.53
1771427226306,YES,0.89,10,SELL,0.47,0.51
1771427226494,NO,0.01,2099.1,BUY,0.49,0.53
1771427226494,YES,0.99,2099.1,SELL,0.47,0.51
1771427226494,NO,0.02,255,BUY,0.49,0.53
1771427226494,YES,0.98,255,SELL,0.47,0.51
1771427226565,YES,0.47,11.21,BUY,0.47,0.51
1771427226565,NO,0.53,11.21,SELL,0.49,0.53
1771427227234,YES,0.46,0,BUY,0.47,0.51
1771427227234,NO,0.54,0,SELL,0.49,0.53
1771427227234,NO,0.49,0,BUY,0.48,0.53
1771427227234,YES,0.51,0,SELL,0.47,0.52
1771427227271,YES,0.47,2111.21,BUY,0.47,0.52
1771427227271,NO,0.53,2111.21,SELL,0.48,0.53
1771427227317,NO,0.48,2200,BUY,0.48,0.53
1771427227317,YES,0.52,2200,SELL,0.47,0.52
1771427227587,NO,0.47,100,BUY,0.48,0.53
1771427227587,YES,0.53,100,SELL,0.47,0.52
1771427227589,NO,0.48,2100,BUY,0.48,0.53
1771427227589,YES,0.52,2100,SELL,0.47,0.52
1771427227873,NO,0.46,0,BUY,0.48,0.53
1771427227873,YES,0.54,0,SELL,0.47,0.52
1771427227874,YES,0.4,0,BUY,0.47,0.52
1771427227874,NO,0.6,0,SELL,0.48,0.53
1771427228155,NO,0.47,0,BUY,0.48,0.53
1771427228155,YES,0.53,0,SELL,0.47,0.52
1771427228157,NO,0.48,2200,BUY,0.48,0.53
1771427228157,YES,0.52,2200,SELL,0.47,0.52
1771427228216,NO,0.48,2100,BUY,0.48,0.53
1771427228216,YES,0.52,2100,SELL,0.47,0.52
1771427228235,NO,0.47,100,BUY,0.48,0.53
1771427228235,YES,0.53,100,SELL,0.47,0.52
1771427228506,YES,0.42,2518.19,BUY,0.47,0.52
1771427228506,NO,0.58,2518.19,SELL,0.48,0.53
1771427228605,NO,0.44,2500,BUY,0.48,0.53
1771427228605,YES,0.56,2500,SELL,0.47,0.52
1771427228814,NO,0.01,2089.1,BUY,0.48,0.53
1771427228814,YES,0.99,2089.1,SELL,0.47,0.52
1771427228814,NO,0.11,0,BUY,0.48,0.53
1771427228814,YES,0.89,0,SELL,0.47,0.52
1771427228814,NO,0.07,142.85,BUY,0.48,0.53
1771427228814,YES,0.93,142.85,SELL,0.47,0.52
1771427228814,NO,0.21,7,BUY,0.48,0.53
1771427228814,YES,0.79,7,SELL,0.47,0.52
1771427229386,NO,0.48,0,BUY,0.47,0.53
1771427229386,YES,0.52,0,SELL,0.47,0.53
1771427229445,NO,0.46,2100,BUY,0.47,0.53
1771427229445,YES,0.54,2100,SELL,0.47,0.53
1771427229608,NO,0.46,0,BUY,0.47,0.53
1771427229608,YES,0.54,0,SELL,0.47,0.53
1771427229735,NO,0.47,2200,BUY,0.47,0.53
1771427229735,YES,0.53,2200,SELL,0.47,0.53
1771427229841,NO,0.47,100,BUY,0.47,0.53
1771427229841,YES,0.53,100,SELL,0.47,0.53
1771427229877,NO,0.47,0,BUY,0.44,0.53
1771427229877,YES,0.53,0,SELL,0.47,0.56
1771427229879,NO,0.48,2100,BUY,0.48,0.53
1771427229879,YES,0.52,2100,SELL,0.47,0.52
1771427229884,NO,0.48,2200,BUY,0.48,0.53
1771427229884,YES,0.52,2200,SELL,0.47,0.52
1771427229932,NO,0.48,2100,BUY,0.48,0.53
1771427229932,YES,0.52,2100,SELL,0.47,0.52
1771427229947,NO,0.45,100,BUY,0.48,0.53
1771427229947,YES,0.55,100,SELL,0.47,0.52
1771427230015,NO,0.48,2200,BUY,0.48,0.53
1771427230015,YES,0.52,2200,SELL,0.47,0.52
1771427230017,NO,0.45,0,BUY,0.48,0.53
1771427230017,YES,0.55,0,SELL,0.47,0.52
1771427230180,YES,0.47,11.21,BUY,0.47,0.52
1771427230180,NO,0.53,11.21,SELL,0.48,0.53
1771427230191,NO,0.48,100,BUY,0.48,0.53
1771427230191,YES,0.52,100,SELL,0.47,0.52
1771427230254,NO,0.48,2200,BUY,0.48,0.53
1771427230254,YES,0.52,2200,SELL,0.47,0.52
1771427230421,YES,0.46,2100,BUY,0.47,0.52
1771427230421,NO,0.54,2100,SELL,0.48,0.53
1771427230559,NO,0.48,100,BUY,0.48,0.53
1771427230559,YES,0.52,100,SELL,0.47,0.52
1771427230718,NO,0.49,2100,BUY,0.49,0.53
1771427230718,YES,0.51,2100,SELL,0.47,0.51
1771427230794,YES,0.47,5,BUY,0.47,0.51
1771427230794,NO,0.53,5,SELL,0.49,0.53
1771427231019,YES,0.48,6.12,BUY,0.48,0.51
1771427231019,NO,0.52,6.12,SELL,0.49,0.52
1771427231320,YES,0.52,115,SELL,0.48,0.51
1771427231320,NO,0.48,115,BUY,0.49,0.52
1771427232257,NO,0.49,2115,BUY,0.49,0.52
1771427232257,YES,0.51,2115,SELL,0.48,0.51
1771427232501,NO,0.02,455,BUY,0.49,0.52
1771427232501,YES,0.98,455,SELL,0.48,0.51
1771427232502,NO,0.01,3089.1,BUY,0.49,0.52
1771427232502,YES,0.99,3089.1,SELL,0.48,0.51
1771427232780,NO,0.21,17,BUY,0.49,0.52
1771427232780,YES,0.79,17,SELL,0.48,0.51
1771427232780,NO,0.11,10,BUY,0.49,0.52
1771427232780,YES,0.89,10,SELL,0.48,0.51
1771427232781,NO,0.07,152.85,BUY,0.49,0.52
1771427232781,YES,0.93,152.85,SELL,0.48,0.51
1771427232781,NO,0.01,3099.1,BUY,0.49,0.52
1771427232781,YES,0.99,3099.1,SELL,0.48,0.51
1771427235037,YES,0.48,0,BUY,0.47,0.51
1771427235037,NO,0.52,0,SELL,0.49,0.53
1771427235264,NO,0.21,27,BUY,0.49,0.53
1771427235264,YES,0.79,27,SELL,0.47,0.51
1771427235264,NO,0.11,20,BUY,0.49,0.53
1771427235264,YES,0.89,20,SELL,0.47,0.51
1771427235265,NO,0.01,3109.1,BUY,0.49,0.53
1771427235265,YES,0.99,3109.1,SELL,0.47,0.51
1771427235266,NO,0.07,162.85,BUY,0.49,0.53
1771427235266,YES,0.93,162.85,SELL,0.47,0.51
1771427235266,YES,0.49,6.15,BUY,0.49,0.51
1771427235266,NO,0.51,6.15,SELL,0.49,0.51
1771427239244,YES,0.49,0,BUY,0.47,0.51
1771427239244,NO,0.51,0,SELL,0.49,0.53
1771427239302,NO,0.48,15,BUY,0.49,0.53
1771427239302,YES,0.52,15,SELL,0.47,0.51
1771427239304,NO,0.49,2215,BUY,0.49,0.53
1771427239304,YES,0.51,2215,SELL,0.47,0.51
1771427239514,NO,0.49,2115,BUY,0.49,0.53
1771427239514,YES,0.51,2115,SELL,0.47,0.51
1771427239521,NO,0.48,115,BUY,0.49,0.53
1771427239521,YES,0.52,115,SELL,0.47,0.51
1771427239613,YES,0.46,2049.35,BUY,0.46,0.51
1771427239613,NO,0.54,2049.35,SELL,0.49,0.54
1771427239613,YES,0.47,0,BUY,0.46,0.51
1771427239613,NO,0.53,0,SELL,0.49,0.54
1771427239617,NO,0.48,15,BUY,0.49,0.54
1771427239617,YES,0.52,15,SELL,0.46,0.51
1771427239618,NO,0.49,2215,BUY,0.49,0.54
1771427239618,YES,0.51,2215,SELL,0.46,0.51
1771427239959,NO,0.49,2115,BUY,0.49,0.54
1771427239959,YES,0.51,2115,SELL,0.46,0.51
1771427239965,NO,0.48,115,BUY,0.49,0.54
1771427239965,YES,0.52,115,SELL,0.46,0.51
1771427241945,NO,0.49,2215,BUY,0.49,0.54
1771427241945,YES,0.51,2215,SELL,0.46,0.51
1771427241952,NO,0.48,15,BUY,0.49,0.54
1771427241952,YES,0.52,15,SELL,0.46,0.51
1771427242358,NO,0.49,115,BUY,0.49,0.54
1771427242358,YES,0.51,115,SELL,0.46,0.51
1771427242358,YES,0.46,0,BUY,0.42,0.51
1771427242358,NO,0.54,0,SELL,0.49,0.58
1771427242400,YES,0.44,2100,BUY,0.44,0.51
1771427242400,NO,0.56,2100,SELL,0.49,0.56
1771427242477,NO,0.5,2100,BUY,0.5,0.56
1771427242477,YES,0.5,2100,SELL,0.44,0.5
1771427242773,NO,0.44,0,BUY,0.5,0.56
1771427242773,YES,0.56,0,SELL,0.44,0.5
1771427242773,YES,0.42,18.19,BUY,0.44,0.5
1771427242773,NO,0.58,18.19,SELL,0.5,0.56
1771427243287,YES,0.46,6.06,BUY,0.46,0.5
1771427243287,NO,0.54,6.06,SELL,0.5,0.54
1771427243763,YES,0.44,0,BUY,0.46,0.5
1771427243763,NO,0.56,0,SELL,0.5,0.54
1771427243799,YES,0.44,2100,BUY,0.46,0.5
1771427243799,NO,0.56,2100,SELL,0.5,0.54
1771427244019,NO,0.02,255,BUY,0.5,0.54
1771427244019,YES,0.98,255,SELL,0.46,0.5
1771427244019,NO,0.01,2109.1,BUY,0.5,0.54
1771427244019,YES,0.99,2109.1,SELL,0.46,0.5
1771427244155,YES,0.44,0,BUY,0.46,0.5
1771427244155,NO,0.56,0,SELL,0.5,0.54
1771427244198,YES,0.45,2100,BUY,0.46,0.5
1771427244198,NO,0.55,2100,SELL,0.5,0.54
1771427244554,YES,0.4,2500,BUY,0.46,0.5
1771427244554,NO,0.6,2500,SELL,0.5,0.54
1771427244702,NO,0.46,2500,BUY,0.5,0.54
1771427244702,YES,0.54,2500,SELL,0.46,0.5
1771427244724,NO,0.21,17,BUY,0.5,0.54
1771427244724,YES,0.79,17,SELL,0.46,0.5
1771427244724,NO,0.11,10,BUY,0.5,0.54
1771427244724,YES,0.89,10,SELL,0.46,0.5
1771427244724,NO,0.07,152.85,BUY,0.5,0.54
1771427244724,YES,0.93,152.85,SELL,0.46,0.5
1771427244724,NO,0.01,2099.1,BUY,0.5,0.54
1771427244724,YES,0.99,2099.1,SELL,0.46,0.5
1771427247222,NO,0.49,15,BUY,0.5,0.54
1771427247222,YES,0.51,15,SELL,0.46,0.5
1771427247224,NO,0.48,115,BUY,0.5,0.54
1771427247224,YES,0.52,115,SELL,0.46,0.5
1771427247233,YES,0.45,0,BUY,0.46,0.5
1771427247233,NO,0.55,0,SELL,0.5,0.54
1771427247233,NO,0.5,0,BUY,0.49,0.54
1771427247233,YES,0.5,0,SELL,0.46,0.51
1771427247284,YES,0.46,2106.06,BUY,0.46,0.51
1771427247284,NO,0.54,2106.06,SELL,0.49,0.54
1771427247411,NO,0.49,2115,BUY,0.49,0.54
1771427247411,YES,0.51,2115,SELL,0.46,0.51
1771427247673,NO,0.48,15,BUY,0.49,0.54
1771427247673,YES,0.52,15,SELL,0.46,0.51
1771427247679,NO,0.49,2215,BUY,0.49,0.54
1771427247679,YES,0.51,2215,SELL,0.46,0.51
1771427247754,NO,0.49,115,BUY,0.49,0.54
1771427247754,YES,0.51,115,SELL,0.46,0.51
1771427247758,YES,0.46,6.06,BUY,0.46,0.51
1771427247758,NO,0.54,6.06,SELL,0.49,0.54
1771427247792,NO,0.5,2100,BUY,0.5,0.54
1771427247792,YES,0.5,2100,SELL,0.46,0.5
1771427247918,YES,0.45,2100,BUY,0.46,0.5
1771427247918,NO,0.55,2100,SELL,0.5,0.54
1771427248107,NO,0.49,15,BUY,0.5,0.54
1771427248107,YES,0.51,15,SELL,0.46,0.5
1771427248112,NO,0.48,115,BUY,0.5,0.54
1771427248112,YES,0.52,115,SELL,0.46,0.5
1771427248192,NO,0.49,115,BUY,0.5,0.54
1771427248192,YES,0.51,115,SELL,0.46,0.5
1771427248193,NO,0.48,15,BUY,0.5,0.54
1771427248193,YES,0.52,15,SELL,0.46,0.5
1771427248504,NO,0.49,15,BUY,0.5,0.54
1771427248504,YES,0.51,15,SELL,0.46,0.5
1771427248508,NO,0.48,115,BUY,0.5,0.54
1771427248508,YES,0.52,115,SELL,0.46,0.5
1771427248578,NO,0.5,0,BUY,0.49,0.54
1771427248578,YES,0.5,0,SELL,0.46,0.51
1771427248578,YES,0.45,0,BUY,0.46,0.51
1771427248578,NO,0.55,0,SELL,0.49,0.54
1771427248739,YES,0.46,2106.06,BUY,0.46,0.51
1771427248739,NO,0.54,2106.06,SELL,0.49,0.54
1771427248790,NO,0.49,2115,BUY,0.49,0.54
1771427248790,YES,0.51,2115,SELL,0.46,0.51
1771427248893,YES,0.46,2102.72,BUY,0.46,0.51
1771427248893,NO,0.54,2102.72,SELL,0.49,0.54
1771427249132,NO,0.48,15,BUY,0.49,0.54
1771427249132,YES,0.52,15,SELL,0.46,0.51
1771427249135,NO,0.49,2215,BUY,0.49,0.54
1771427249135,YES,0.51,2215,SELL,0.46,0.51
1771427249845,YES,0.46,2.72,BUY,0.46,0.51
1771427249845,NO,0.54,2.72,SELL,0.49,0.54
1771427249846,NO,0.49,115,BUY,0.49,0.54
1771427249846,YES,0.51,115,SELL,0.46,0.51
1771427249897,YES,0.44,2100,BUY,0.46,0.51
1771427249897,NO,0.56,2100,SELL,0.49,0.54
1771427250001,NO,0.5,2100,BUY,0.5,0.54
1771427250001,YES,0.5,2100,SELL,0.46,0.5
1771427250702,NO,0.5,2200,BUY,0.5,0.54
1771427250702,YES,0.5,2200,SELL,0.46,0.5
1771427250710,NO,0.49,15,BUY,0.5,0.54
1771427250710,YES,0.51,15,SELL,0.46,0.5
1771427250776,NO,0.11,20,BUY,0.5,0.54
1771427250776,YES,0.89,20,SELL,0.46,0.5
1771427250777,NO,0.21,27,BUY,0.5,0.54
1771427250777,YES,0.79,27,SELL,0.46,0.5
1771427250778,NO,0.01,2109.1,BUY,0.5,0.54
1771427250778,YES,0.99,2109.1,SELL,0.46,0.5
1771427250778,NO,0.07,162.85,BUY,0.5,0.54
1771427250778,YES,0.93,162.85,SELL,0.46,0.5
1771427250857,NO,0.5,2100,BUY,0.5,0.54
1771427250857,YES,0.5,2100,SELL,0.46,0.5
1771427250934,NO,0.49,115,BUY,0.5,0.54
1771427250934,YES,0.51,115,SELL,0.46,0.5
1771427251752,NO,0.49,15,BUY,0.5,0.54
1771427251752,YES,0.51,15,SELL,0.46,0.5
1771427251758,NO,0.5,2200,BUY,0.5,0.54
1771427251758,YES,0.5,2200,SELL,0.46,0.5
1771427252459,NO,0.5,100,BUY,0.5,0.54
1771427252459,YES,0.5,100,SELL,0.46,0.5
1771427252497,NO,0.51,2100,BUY,0.51,0.54
1771427252497,YES,0.49,2100,SELL,0.46,0.49
1771427253028,NO,0.21,17,BUY,0.51,0.54
1771427253028,YES,0.79,17,SELL,0.46,0.49
1771427253028,NO,0.11,10,BUY,0.51,0.54
1771427253028,YES,0.89,10,SELL,0.46,0.49
1771427253028,NO,0.01,2099.1,BUY,0.51,0.54
1771427253028,YES,0.99,2099.1,SELL,0.46,0.49
1771427253028,NO,0.07,152.85,BUY,0.51,0.54
1771427253028,YES,0.93,152.85,SELL,0.46,0.49
1771427253203,YES,0.44,0,BUY,0.46,0.49
1771427253203,NO,0.56,0,SELL,0.51,0.54
1771427253239,YES,0.43,2100,BUY,0.46,0.49
1771427253239,NO,0.57,2100,SELL,0.51,0.54
1771427253613,NO,0.5,0,BUY,0.51,0.54
1771427253613,YES,0.5,0,SELL,0.46,0.49
1771427253615,NO,0.51,2200,BUY,0.51,0.54
1771427253615,YES,0.49,2200,SELL,0.46,0.49
1771427253905,NO,0.51,100,BUY,0.51,0.54
1771427253905,YES,0.49,100,SELL,0.46,0.49
1771427253947,NO,0.52,2100,BUY,0.52,0.54
1771427253947,YES,0.48,2100,SELL,0.46,0.48
1771427254317,NO,0.51,0,BUY,0.52,0.54
1771427254317,YES,0.49,0,SELL,0.46,0.48
1771427254318,NO,0.5,100,BUY,0.52,0.54
1771427254318,YES,0.5,100,SELL,0.46,0.48
1771427255021,YES,0.46,0,BUY,0.43,0.48
1771427255021,NO,0.54,0,SELL,0.52,0.57
1771427255283,NO,0.52,0,BUY,0.5,0.57
1771427255283,YES,0.48,0,SELL,0.43,0.5
1771427255319,NO,0.51,2100,BUY,0.51,0.57
1771427255319,YES,0.49,2100,SELL,0.43,0.49
1771427256019,NO,0.01,3099.1,BUY,0.51,0.57
1771427256019,YES,0.99,3099.1,SELL,0.43,0.49
1771427256020,NO,0.02,455,BUY,0.51,0.57
1771427256020,YES,0.98,455,SELL,0.43,0.49
1771427257446,NO,0.5,0,BUY,0.51,0.57
1771427257446,YES,0.5,0,SELL,0.43,0.49
1771427257447,NO,0.51,2200,BUY,0.51,0.57
1771427257447,YES,0.49,2200,SELL,0.43,0.49
1771427257557,NO,0.51,100,BUY,0.51,0.57
1771427257557,YES,0.49,100,SELL,0.43,0.49
1771427257594,NO,0.52,2100,BUY,0.52,0.57
1771427257594,YES,0.48,2100,SELL,0.43,0.48
1771427258175,YES,0.4,0,BUY,0.43,0.48
1771427258175,NO,0.6,0,SELL,0.52,0.57
1771427258175,NO,0.46,0,BUY,0.52,0.57
1771427258175,YES,0.54,0,SELL,0.43,0.48
1771427259052,YES,0.43,2106.15,BUY,0.43,0.48
1771427259052,NO,0.57,2106.15,SELL,0.52,0.57
1771427259926,YES,0.38,2500,BUY,0.43,0.48
1771427259926,NO,0.62,2500,SELL,0.52,0.57
1771427260233,NO,0.48,2515,BUY,0.52,0.57
1771427260233,YES,0.52,2515,SELL,0.43,0.48
1771427261728,YES,0.43,6.15,BUY,0.43,0.48
1771427261728,NO,0.57,6.15,SELL,0.52,0.57
1771427261779,YES,0.42,2118.19,BUY,0.43,0.48
1771427261779,NO,0.58,2118.19,SELL,0.52,0.57
1771427261997,NO,0.07,252.85,BUY,0.52,0.57
1771427261997,YES,0.93,252.85,SELL,0.43,0.48
1771427262580,YES,0.42,2100,BUY,0.43,0.48
1771427262580,NO,0.58,2100,SELL,0.52,0.57
1771427262581,NO,0.51,0,BUY,0.52,0.57
1771427262581,YES,0.49,0,SELL,0.43,0.48
1771427262586,NO,0.52,2200,BUY,0.52,0.57
1771427262586,YES,0.48,2200,SELL,0.43,0.48
1771427262656,YES,0.41,18.19,BUY,0.43,0.48
1771427262656,NO,0.59,18.19,SELL,0.52,0.57
1771427262846,NO,0.52,100,BUY,0.52,0.57
1771427262846,YES,0.48,100,SELL,0.43,0.48
1771427262879,NO,0.53,2100,BUY,0.53,0.57
1771427262879,YES,0.47,2100,SELL,0.43,0.47
1771427264234,YES,0.42,0,BUY,0.43,0.47
1771427264234,NO,0.58,0,SELL,0.53,0.57
1771427264317,YES,0.41,2118.19,BUY,0.43,0.47
1771427264317,NO,0.59,2118.19,SELL,0.53,0.57
1771427265389,NO,0.07,262.85,BUY,0.53,0.57
1771427265389,YES,0.93,262.85,SELL,0.43,0.47
1771427265389,NO,0.01,3109.1,BUY,0.53,0.57
1771427265389,YES,0.99,3109.1,SELL,0.43,0.47
1771427265390,NO,0.21,27,BUY,0.53,0.57
1771427265390,YES,0.79,27,SELL,0.43,0.47
1771427265391,NO,0.11,20,BUY,0.53,0.57
1771427265391,YES,0.89,20,SELL,0.43,0.47
1771427265955,YES,0.41,2100,BUY,0.43,0.47
1771427265955,NO,0.59,2100,SELL,0.53,0.57
1771427265957,NO,0.53,2200,BUY,0.53,0.57
1771427265957,YES,0.47,2200,SELL,0.43,0.47
1771427265962,NO,0.52,0,BUY,0.53,0.57
1771427265962,YES,0.48,0,SELL,0.43,0.47
1771427266052,YES,0.41,0,BUY,0.43,0.47
1771427266052,NO,0.59,0,SELL,0.53,0.57
1771427266122,YES,0.4,18.19,BUY,0.43,0.47
1771427266122,NO,0.6,18.19,SELL,0.53,0.57
1771427266156,YES,0.4,2118.19,BUY,0.43,0.47
1771427266156,NO,0.6,2118.19,SELL,0.53,0.57
1771427266168,NO,0.53,100,BUY,0.53,0.57
1771427266168,YES,0.47,100,SELL,0.43,0.47
1771427266221,NO,0.54,2100,BUY,0.54,0.57
1771427266221,YES,0.46,2100,SELL,0.43,0.46
1771427266686,NO,0.48,15,BUY,0.54,0.57
1771427266686,YES,0.52,15,SELL,0.43,0.46
1771427266686,YES,0.38,0,BUY,0.43,0.46
1771427266686,NO,0.62,0,SELL,0.54,0.57
1771427266875,YES,0.43,0,BUY,0.4,0.46
1771427266875,NO,0.57,0,SELL,0.54,0.6
1771427266909,YES,0.45,93,SELL,0.4,0.45
1771427266909,NO,0.55,93,BUY,0.55,0.6
1771427266913,YES,0.07,235.85,BUY,0.4,0.45
1771427266913,NO,0.93,235.85,SELL,0.55,0.6
1771427266959,NO,0.52,100,BUY,0.55,0.6
1771427266959,YES,0.48,100,SELL,0.4,0.45
1771427266960,NO,0.53,0,BUY,0.55,0.6
1771427266960,YES,0.47,0,SELL,0.4,0.45
1771427266964,NO,0.54,0,BUY,0.55,0.6
1771427266964,YES,0.46,0,SELL,0.4,0.45
1771427267039,NO,0.52,0,BUY,0.55,0.6
1771427267039,YES,0.48,0,SELL,0.4,0.45
1771427267046,NO,0.53,100,BUY,0.55,0.6
1771427267046,YES,0.47,100,SELL,0.4,0.45
1771427267098,NO,0.54,2100,BUY,0.55,0.6
1771427267098,YES,0.46,2100,SELL,0.4,0.45
1771427267222,NO,0.5,2500,BUY,0.55,0.6
1771427267222,YES,0.5,2500,SELL,0.4,0.45
1771427267227,YES,0.36,2500,BUY,0.4,0.45
1771427267227,NO,0.64,2500,SELL,0.55,0.6
1771427268343,YES,0.07,142.85,BUY,0.4,0.46
1771427268343,NO,0.93,142.85,SELL,0.54,0.6
1771427268343,YES,0.45,0,SELL,0.4,0.46
1771427268343,NO,0.55,0,BUY,0.54,0.6
1771427268374,YES,0.45,201,SELL,0.4,0.45
1771427268374,NO,0.55,201,BUY,0.55,0.6
1771427268377,YES,0.12,206,BUY,0.4,0.45
1771427268377,NO,0.88,206,SELL,0.55,0.6
1771427268550,NO,0.53,0,BUY,0.55,0.6
1771427268550,YES,0.47,0,SELL,0.4,0.45
1771427268556,NO,0.52,100,BUY,0.55,0.6
1771427268556,YES,0.48,100,SELL,0.4,0.45
1771427269522,NO,0.54,0,BUY,0.55,0.6
1771427269522,YES,0.46,0,SELL,0.4,0.45
1771427269547,YES,0.45,0,SELL,0.4,0.48
1771427269547,NO,0.55,0,BUY,0.52,0.6
1771427269570,NO,0.53,2100,BUY,0.53,0.6
1771427269570,YES,0.47,2100,SELL,0.4,0.47
1771427269599,YES,0.46,201,SELL,0.4,0.46
1771427269599,NO,0.54,201,BUY,0.54,0.6
1771427270578,NO,0.52,0,BUY,0.54,0.6
1771427270578,YES,0.48,0,SELL,0.4,0.46
1771427270595,NO,0.51,100,BUY,0.54,0.6
1771427270595,YES,0.49,100,SELL,0.4,0.46
1771427271242,NO,0.51,0,BUY,0.54,0.6
1771427271242,YES,0.49,0,SELL,0.4,0.46
1771427271245,NO,0.52,100,BUY,0.54,0.6
1771427271245,YES,0.48,100,SELL,0.4,0.46
1771427271410,NO,0.53,0,BUY,0.54,0.6
1771427271410,YES,0.47,0,SELL,0.4,0.46
1771427271451,NO,0.54,2301,BUY,0.54,0.6
1771427271451,YES,0.46,2301,SELL,0.4,0.46
1771427271756,NO,0.53,100,BUY,0.54,0.6
1771427271756,YES,0.47,100,SELL,0.4,0.46
1771427271759,NO,0.52,0,BUY,0.54,0.6
1771427271759,YES,0.48,0,SELL,0.4,0.46
1771427271843,NO,0.52,100,BUY,0.54,0.6
1771427271843,YES,0.48,100,SELL,0.4,0.46
1771427271843,NO,0.53,0,BUY,0.54,0.6
1771427271843,YES,0.47,0,SELL,0.4,0.46
1771427272335,NO,0.52,0,BUY,0.54,0.6
1771427272335,YES,0.48,0,SELL,0.4,0.46
1771427272337,NO,0.53,100,BUY,0.54,0.6
1771427272337,YES,0.47,100,SELL,0.4,0.46
1771427272685,NO,0.53,0,BUY,0.54,0.6
1771427272685,YES,0.47,0,SELL,0.4,0.46
1771427272697,NO,0.52,100,BUY,0.54,0.6
1771427272697,YES,0.48,100,SELL,0.4,0.46
1771427272846,NO,0.52,0,BUY,0.54,0.6
1771427272846,YES,0.48,0,SELL,0.4,0.46
1771427272943,NO,0.53,100,BUY,0.54,0.6
1771427272943,YES,0.47,100,SELL,0.4,0.46
1771427272957,YES,0.45,10,BUY,0.45,0.46
1771427272957,NO,0.55,10,SELL,0.54,0.55
1771427273017,YES,0.12,5,BUY,0.45,0.46
1771427273017,NO,0.88,5,SELL,0.54,0.55
1771427273017,YES,0.46,2100,SELL,0.45,0.46
1771427273017,NO,0.54,2100,BUY,0.54,0.55
1771427273800,YES,0.45,0,BUY,0.4,0.46
1771427273800,NO,0.55,0,SELL,0.54,0.6
1771427273828,YES,0.12,200,BUY,0.4,0.46
1771427273828,NO,0.88,200,SELL,0.54,0.6
1771427276342,YES,0.45,203,SELL,0.4,0.45
1771427276342,NO,0.55,203,BUY,0.55,0.6
1771427276406,NO,0.54,0,BUY,0.55,0.6
1771427276406,YES,0.46,0,SELL,0.4,0.45
1771427276441,NO,0.55,2303,BUY,0.55,0.6
1771427276441,YES,0.45,2303,SELL,0.4,0.45
1771427280030,YES,0.4,2100,BUY,0.4,0.45
1771427280030,NO,0.6,2100,SELL,0.55,0.6
1771427280031,NO,0.54,100,BUY,0.55,0.6
1771427280031,YES,0.46,100,SELL,0.4,0.45
1771427280031,NO,0.53,0,BUY,0.55,0.6
1771427280031,YES,0.47,0,SELL,0.4,0.45
1771427280109,YES,0.39,18.19,BUY,0.4,0.45
1771427280109,NO,0.61,18.19,SELL,0.55,0.6
1771427280192,NO,0.53,100,BUY,0.55,0.6
1771427280192,YES,0.47,100,SELL,0.4,0.45
1771427280195,NO,0.54,0,BUY,0.55,0.6
1771427280195,YES,0.46,0,SELL,0.4,0.45
1771427280292,NO,0.53,0,BUY,0.55,0.6
1771427280292,YES,0.47,0,SELL,0.4,0.45
1771427280294,NO,0.54,100,BUY,0.55,0.6
1771427280294,YES,0.46,100,SELL,0.4,0.45
1771427280317,NO,0.54,0,BUY,0.55,0.6
1771427280317,YES,0.46,0,SELL,0.4,0.45
1771427280371,NO,0.53,100,BUY,0.55,0.6
1771427280371,YES,0.47,100,SELL,0.4,0.45
1771427280419,NO,0.54,100,BUY,0.55,0.6
1771427280419,YES,0.46,100,SELL,0.4,0.45
1771427280921,NO,0.54,0,BUY,0.55,0.6
1771427280921,YES,0.46,0,SELL,0.4,0.45
1771427281267,NO,0.53,0,BUY,0.55,0.6
1771427281267,YES,0.47,0,SELL,0.4,0.45
1771427281271,NO,0.54,100,BUY,0.55,0.6
1771427281271,YES,0.46,100,SELL,0.4,0.45
1771427281300,NO,0.55,203,BUY,0.55,0.6
1771427281300,YES,0.45,203,SELL,0.4,0.45
1771427281300,YES,0.4,0,BUY,0.39,0.45
1771427281300,NO,0.6,0,SELL,0.55,0.61
1771427281378,YES,0.39,2118.19,BUY,0.39,0.45
1771427281378,NO,0.61,2118.19,SELL,0.55,0.61
1771427281467,NO,0.56,2100,BUY,0.56,0.61
1771427281467,YES,0.44,2100,SELL,0.39,0.44
1771427282283,NO,0.53,100,BUY,0.56,0.61
1771427282283,YES,0.47,100,SELL,0.39,0.44
1771427282284,NO,0.54,0,BUY,0.56,0.61
1771427282284,YES,0.46,0,SELL,0.39,0.44
1771427282713,NO,0.54,100,BUY,0.56,0.61
1771427282713,YES,0.46,100,SELL,0.39,0.44
1771427282714,NO,0.53,0,BUY,0.56,0.61
1771427282714,YES,0.47,0,SELL,0.39,0.44
1771427282912,NO,0.54,0,BUY,0.56,0.61
1771427282912,YES,0.46,0,SELL,0.39,0.44
1771427282913,NO,0.53,100,BUY,0.56,0.61
1771427282913,YES,0.47,100,SELL,0.39,0.44
1771427283028,YES,0.39,2124.34,BUY,0.39,0.44
1771427283028,NO,0.61,2124.34,SELL,0.56,0.61
1771427283658,NO,0.53,0,BUY,0.56,0.61
1771427283658,YES,0.47,0,SELL,0.39,0.44
1771427283662,NO,0.54,100,BUY,0.56,0.61
1771427283662,YES,0.46,100,SELL,0.39,0.44
1771427283935,NO,0.53,100,BUY,0.56,0.61
1771427283935,YES,0.47,100,SELL,0.39,0.44
1771427283935,NO,0.54,0,BUY,0.56,0.61
1771427283935,YES,0.46,0,SELL,0.39,0.44
1771427284011,NO,0.53,0,BUY,0.56,0.61
1771427284011,YES,0.47,0,SELL,0.39,0.44
1771427284012,NO,0.54,100,BUY,0.56,0.61
1771427284012,YES,0.46,100,SELL,0.39,0.44
1771427286110,NO,0.5,0,BUY,0.56,0.61
1771427286110,YES,0.5,0,SELL,0.39,0.44
1771427286110,YES,0.36,0,BUY,0.39,0.44
1771427286110,NO,0.64,0,SELL,0.56,0.61
1771427286133,YES,0.45,0,SELL,0.39,0.44
1771427286133,NO,0.55,0,BUY,0.56,0.61
1771427286525,YES,0.39,24.34,BUY,0.39,0.44
1771427286525,NO,0.61,24.34,SELL,0.56,0.61
1771427286539,YES,0.39,6.15,BUY,0.39,0.44
1771427286539,NO,0.61,6.15,SELL,0.56,0.61
1771427286543,NO,0.55,100,BUY,0.56,0.61
1771427286543,YES,0.45,100,SELL,0.39,0.44
1771427286544,NO,0.54,0,BUY,0.56,0.61
1771427286544,YES,0.46,0,SELL,0.39,0.44
1771427286553,YES,0.12,5,BUY,0.39,0.44
1771427286553,NO,0.88,5,SELL,0.56,0.61
1771427286557,YES,0.43,57,SELL,0.39,0.43
1771427286557,NO,0.57,57,BUY,0.57,0.61
1771427286580,YES,0.08,57,BUY,0.39,0.43
1771427286580,NO,0.92,57,SELL,0.57,0.61
1771427286597,YES,0.38,2100,BUY,0.39,0.43
1771427286597,NO,0.62,2100,SELL,0.57,0.61
1771427286599,NO,0.11,10,BUY,0.57,0.61
1771427286599,YES,0.89,10,SELL,0.39,0.43
1771427286599,NO,0.21,17,BUY,0.57,0.61
1771427286599,YES,0.79,17,SELL,0.39,0.43
1771427286599,NO,0.01,3099.1,BUY,0.57,0.61
1771427286599,YES,0.99,3099.1,SELL,0.39,0.43
1771427286599,NO,0.07,252.85,BUY,0.57,0.61
1771427286599,YES,0.93,252.85,SELL,0.39,0.43
1771427286615,YES,0.38,2118.19,BUY,0.39,0.43
1771427286615,NO,0.62,2118.19,SELL,0.57,0.61
1771427286629,NO,0.54,100,BUY,0.57,0.61
1771427286629,YES,0.46,100,SELL,0.39,0.43
1771427286631,NO,0.55,0,BUY,0.57,0.61
1771427286631,YES,0.45,0,SELL,0.39,0.43
1771427286699,NO,0.56,0,BUY,0.57,0.61
1771427286699,YES,0.44,0,SELL,0.39,0.43
1771427286706,NO,0.54,0,BUY,0.57,0.61
1771427286706,YES,0.46,0,SELL,0.39,0.43
1771427286708,NO,0.55,100,BUY,0.57,0.61
1771427286708,YES,0.45,100,SELL,0.39,0.43
1771427286781,NO,0.54,100,BUY,0.57,0.61
1771427286781,YES,0.46,100,SELL,0.39,0.43
1771427286791,NO,0.55,0,BUY,0.57,0.61
1771427286791,YES,0.45,0,SELL,0.39,0.43
1771427286817,NO,0.57,2157,BUY,0.57,0.61
1771427286817,YES,0.43,2157,SELL,0.39,0.43
1771427287121,NO,0.54,0,BUY,0.57,0.61
1771427287121,YES,0.46,0,SELL,0.39,0.43
1771427287125,NO,0.55,100,BUY,0.57,0.61
1771427287125,YES,0.45,100,SELL,0.39,0.43
1771427287194,NO,0.55,0,BUY,0.57,0.61
1771427287194,YES,0.45,0,SELL,0.39,0.43
1771427287337,NO,0.52,2500,BUY,0.57,0.61
1771427287337,YES,0.48,2500,SELL,0.39,0.43
1771427287354,NO,0.54,100,BUY,0.57,0.61
1771427287354,YES,0.46,100,SELL,0.39,0.43
1771427287393,YES,0.34,2500,BUY,0.39,0.43
1771427287393,NO,0.66,2500,SELL,0.57,0.61
1771427287865,YES,0.08,0,BUY,0.39,0.43
1771427287865,NO,0.92,0,SELL,0.57,0.61
1771427287865,YES,0.43,2100,SELL,0.39,0.43
1771427287865,NO,0.57,2100,BUY,0.57,0.61
1771427287935,NO,0.57,0,BUY,0.54,0.61
1771427287935,YES,0.43,0,SELL,0.39,0.46
1771427287953,YES,0.38,18.19,BUY,0.39,0.46
1771427287953,NO,0.62,18.19,SELL,0.54,0.61
1771427287972,YES,0.12,199,BUY,0.39,0.46
1771427287972,NO,0.88,199,SELL,0.54,0.61
1771427287975,YES,0.47,194,SELL,0.39,0.46
1771427287975,NO,0.53,194,BUY,0.54,0.61
1771427288118,YES,0.39,2106.15,BUY,0.39,0.46
1771427288118,NO,0.61,2106.15,SELL,0.54,0.61
1771427288228,NO,0.55,2100,BUY,0.55,0.61
1771427288228,YES,0.45,2100,SELL,0.39,0.45
1771427289340,YES,0.47,0,SELL,0.39,0.45
1771427289340,NO,0.53,0,BUY,0.55,0.61
1771427289364,YES,0.44,202,SELL,0.39,0.44
1771427289364,NO,0.56,202,BUY,0.56,0.61
1771427289391,YES,0.12,5,BUY,0.39,0.44
1771427289391,NO,0.88,5,SELL,0.56,0.61
1771427289412,NO,0.55,0,BUY,0.56,0.61
1771427289412,YES,0.45,0,SELL,0.39,0.44
1771427289626,NO,0.56,2302,BUY,0.56,0.61
1771427289626,YES,0.44,2302,SELL,0.39,0.44
1771427290674,NO,0.54,0,BUY,0.56,0.61
1771427290674,YES,0.46,0,SELL,0.39,0.44
1771427290676,NO,0.53,100,BUY,0.56,0.61
1771427290676,YES,0.47,100,SELL,0.39,0.44
1771427290699,YES,0.44,2100,SELL,0.39,0.44
1771427290699,NO,0.56,2100,BUY,0.56,0.61
1771427290752,NO,0.53,0,BUY,0.56,0.61
1771427290752,YES,0.47,0,SELL,0.39,0.44
1771427290753,NO,0.54,100,BUY,0.56,0.61
1771427290753,YES,0.46,100,SELL,0.39,0.44
1771427290887,NO,0.54,0,BUY,0.56,0.61
1771427290887,YES,0.46,0,SELL,0.39,0.44
1771427290905,NO,0.56,0,BUY,0.52,0.61
1771427290905,YES,0.44,0,SELL,0.39,0.48
1771427290931,YES,0.12,199,BUY,0.39,0.48
1771427290931,NO,0.88,199,SELL,0.52,0.61
1771427290951,NO,0.53,100,BUY,0.53,0.61
1771427290951,YES,0.47,100,SELL,0.39,0.47
1771427291025,NO,0.54,2100,BUY,0.54,0.61
1771427291025,YES,0.46,2100,SELL,0.39,0.46
1771427291823,NO,0.52,2600,BUY,0.54,0.61
1771427291823,YES,0.48,2600,SELL,0.39,0.46
1771427291828,NO,0.53,0,BUY,0.54,0.61
1771427291828,YES,0.47,0,SELL,0.39,0.46
1771427291858,YES,0.45,195,SELL,0.39,0.45
1771427291858,NO,0.55,195,BUY,0.55,0.61
1771427291965,NO,0.53,100,BUY,0.55,0.61
1771427291965,YES,0.47,100,SELL,0.39,0.45
1771427291966,NO,0.52,2500,BUY,0.55,0.61
1771427291966,YES,0.48,2500,SELL,0.39,0.45
1771427292118,NO,0.53,0,BUY,0.55,0.61
1771427292118,YES,0.47,0,SELL,0.39,0.45
1771427292118,NO,0.52,2600,BUY,0.55,0.61
1771427292118,YES,0.48,2600,SELL,0.39,0.45
1771427292224,NO,0.52,2500,BUY,0.55,0.61
1771427292224,YES,0.48,2500,SELL,0.39,0.45
1771427292225,NO,0.53,100,BUY,0.55,0.61
1771427292225,YES,0.47,100,SELL,0.39,0.45
1771427292286,NO,0.52,0,BUY,0.55,0.61
1771427292286,YES,0.48,0,SELL,0.39,0.45
1771427292286,YES,0.34,0,BUY,0.39,0.45
1771427292286,NO,0.66,0,SELL,0.55,0.61
1771427293036,NO,0.01,3109.1,BUY,0.55,0.61
1771427293036,YES,0.99,3109.1,SELL,0.39,0.45
1771427293036,NO,0.07,262.85,BUY,0.55,0.61
1771427293036,YES,0.93,262.85,SELL,0.39,0.45
1771427293037,NO,0.21,27,BUY,0.55,0.61
1771427293037,YES,0.79,27,SELL,0.39,0.45
1771427293038,NO,0.11,20,BUY,0.55,0.61
1771427293038,YES,0.89,20,SELL,0.39,0.45
1771427293374,NO,0.5,2500,BUY,0.55,0.61
1771427293374,YES,0.5,2500,SELL,0.39,0.45
1771427293617,YES,0.36,2500,BUY,0.39,0.45
1771427293617,NO,0.64,2500,SELL,0.55,0.61
1771427293934,NO,0.52,100,BUY,0.55,0.61
1771427293934,YES,0.48,100,SELL,0.39,0.45
1771427293934,NO,0.53,0,BUY,0.55,0.61
1771427293934,YES,0.47,0,SELL,0.39,0.45
1771427294009,NO,0.52,0,BUY,0.55,0.61
1771427294009,YES,0.48,0,SELL,0.39,0.45
1771427294020,NO,0.53,100,BUY,0.55,0.61
1771427294020,YES,0.47,100,SELL,0.39,0.45
1771427294050,NO,0.53,0,BUY,0.55,0.61
1771427294050,YES,0.47,0,SELL,0.39,0.45
1771427294091,NO,0.52,100,BUY,0.55,0.61
1771427294091,YES,0.48,100,SELL,0.39,0.45
1771427294495,NO,0.54,0,BUY,0.55,0.61
1771427294495,YES,0.46,0,SELL,0.39,0.45
1771427294693,NO,0.52,2200,BUY,0.55,0.61
1771427294693,YES,0.48,2200,SELL,0.39,0.45
1771427294945,NO,0.52,2100,BUY,0.55,0.61
1771427294945,YES,0.48,2100,SELL,0.39,0.45
1771427294947,NO,0.51,100,BUY,0.55,0.61
1771427294947,YES,0.49,100,SELL,0.39,0.45
1771427295026,NO,0.51,0,BUY,0.55,0.61
1771427295026,YES,0.49,0,SELL,0.39,0.45
1771427295029,NO,0.52,2200,BUY,0.55,0.61
1771427295029,YES,0.48,2200,SELL,0.39,0.45
1771427295116,NO,0.51,100,BUY,0.55,0.61
1771427295116,YES,0.49,100,SELL,0.39,0.45
1771427295117,NO,0.52,2100,BUY,0.55,0.61
1771427295117,YES,0.48,2100,SELL,0.39,0.45
1771427296408,YES,0.36,0,BUY,0.39,0.45
1771427296408,NO,0.64,0,SELL,0.55,0.61
1771427296408,NO,0.5,0,BUY,0.55,0.61
1771427296408,YES,0.5,0,SELL,0.39,0.45
1771427297002,NO,0.02,450,BUY,0.55,0.61
1771427297002,YES,0.98,450,SELL,0.39,0.45
1771427297088,NO,0.52,0,BUY,0.55,0.61
1771427297088,YES,0.48,0,SELL,0.39,0.45
1771427297121,YES,0.12,5,BUY,0.39,0.49
1771427297121,NO,0.88,5,SELL,0.51,0.61
1771427297121,YES,0.45,0,SELL,0.39,0.49
1771427297121,NO,0.55,0,BUY,0.51,0.61
1771427297144,NO,0.52,2100,BUY,0.52,0.61
1771427297144,YES,0.48,2100,SELL,0.39,0.48
1771427297146,YES,0.12,62,BUY,0.39,0.48
1771427297146,NO,0.88,62,SELL,0.52,0.61
1771427297147,YES,0.63,66,SELL,0.39,0.48
1771427297147,NO,0.37,66,BUY,0.52,0.61
1771427297174,NO,0.52,0,BUY,0.51,0.61
1771427297174,YES,0.48,0,SELL,0.39,0.49
1771427297218,NO,0.53,2100,BUY,0.53,0.61
1771427297218,YES,0.47,2100,SELL,0.39,0.47
1771427297570,NO,0.48,2515,BUY,0.53,0.61
1771427297570,YES,0.52,2515,SELL,0.39,0.47
1771427297571,YES,0.38,2518.19,BUY,0.39,0.47
1771427297571,NO,0.62,2518.19,SELL,0.53,0.61
1771427298033,NO,0.07,162.85,BUY,0.53,0.61
1771427298033,YES,0.93,162.85,SELL,0.39,0.47
1771427298343,YES,0.12,5,BUY,0.39,0.47
1771427298343,NO,0.88,5,SELL,0.53,0.61
1771427298343,YES,0.63,9,SELL,0.39,0.47
1771427298343,NO,0.37,9,BUY,0.53,0.61
1771427298368,YES,0.12,208,BUY,0.39,0.47
1771427298368,NO,0.88,208,SELL,0.53,0.61
1771427298370,YES,0.46,203,SELL,0.39,0.46
1771427298370,NO,0.54,203,BUY,0.54,0.61
1771427298655,YES,0.39,2100,BUY,0.39,0.46
1771427298655,NO,0.61,2100,SELL,0.54,0.61
1771427298888,YES,0.4,6.15,BUY,0.4,0.46
1771427298888,NO,0.6,6.15,SELL,0.54,0.6
1771427298910,NO,0.51,0,BUY,0.54,0.6
1771427298910,YES,0.49,0,SELL,0.4,0.46
1771427298911,NO,0.52,100,BUY,0.54,0.6
1771427298911,YES,0.48,100,SELL,0.4,0.46
1771427298952,YES,0.39,0,BUY,0.4,0.46
1771427298952,NO,0.61,0,SELL,0.54,0.6
1771427298992,YES,0.4,2106.15,BUY,0.4,0.46
1771427298992,NO,0.6,2106.15,SELL,0.54,0.6
1771427299142,NO,0.51,100,BUY,0.54,0.6
1771427299142,YES,0.49,100,SELL,0.4,0.46
1771427299146,NO,0.52,0,BUY,0.54,0.6
1771427299146,YES,0.48,0,SELL,0.4,0.46
1771427299222,NO,0.51,0,BUY,0.54,0.6
1771427299222,YES,0.49,0,SELL,0.4,0.46
1771427299223,NO,0.52,100,BUY,0.54,0.6
1771427299223,YES,0.48,100,SELL,0.4,0.46
1771427299651,NO,0.52,0,BUY,0.54,0.6
1771427299651,YES,0.48,0,SELL,0.4,0.46
1771427299654,NO,0.51,100,BUY,0.54,0.6
1771427299654,YES,0.49,100,SELL,0.4,0.46
1771427299747,NO,0.52,100,BUY,0.54,0.6
1771427299747,YES,0.48,100,SELL,0.4,0.46
1771427299749,NO,0.51,0,BUY,0.54,0.6
1771427299749,YES,0.49,0,SELL,0.4,0.46
1771427300294,NO,0.53,0,BUY,0.54,0.6
1771427300294,YES,0.47,0,SELL,0.4,0.46
1771427300328,NO,0.54,2303,BUY,0.54,0.6
1771427300328,YES,0.46,2303,SELL,0.4,0.46
1771427302269,NO,0.54,203,BUY,0.54,0.6
1771427302269,YES,0.46,203,SELL,0.4,0.46
1771427302327,NO,0.53,2100,BUY,0.54,0.6
1771427302327,YES,0.47,2100,SELL,0.4,0.46
1771427303861,NO,0.07,262.85,BUY,0.54,0.6
1771427303861,YES,0.93,262.85,SELL,0.4,0.46
1771427306388,NO,0.53,0,BUY,0.54,0.6
1771427306388,YES,0.47,0,SELL,0.4,0.46
1771427306434,NO,0.53,2100,BUY,0.54,0.6
1771427306434,YES,0.47,2100,SELL,0.4,0.46
1771427307313,NO,0.53,0,BUY,0.54,0.6
1771427307313,YES,0.47,0,SELL,0.4,0.46
1771427307325,NO,0.52,0,BUY,0.54,0.6
1771427307325,YES,0.48,0,SELL,0.4,0.46
1771427307342,NO,0.53,100,BUY,0.54,0.6
1771427307342,YES,0.47,100,SELL,0.4,0.46
1771427307349,YES,0.12,5,BUY,0.4,0.47
1771427307349,NO,0.88,5,SELL,0.53,0.6
1771427307349,YES,0.46,0,SELL,0.4,0.47
1771427307349,NO,0.54,0,BUY,0.53,0.6
1771427307362,NO,0.54,2100,BUY,0.54,0.6
1771427307362,YES,0.46,2100,SELL,0.4,0.46
1771427307377,YES,0.12,170,BUY,0.4,0.46
1771427307377,NO,0.88,170,SELL,0.54,0.6
1771427307378,YES,0.51,180,SELL,0.4,0.46
1771427307378,NO,0.49,180,BUY,0.54,0.6
1771427307644,NO,0.48,15,BUY,0.54,0.6
1771427307644,YES,0.52,15,SELL,0.4,0.46
1771427307645,YES,0.38,18.19,BUY,0.4,0.46
1771427307645,NO,0.62,18.19,SELL,0.54,0.6
1771427307742,NO,0.5,2500,BUY,0.54,0.6
1771427307742,YES,0.5,2500,SELL,0.4,0.46
1771427307743,YES,0.36,2500,BUY,0.4,0.46
1771427307743,NO,0.64,2500,SELL,0.54,0.6
1771427307979,NO,0.53,0,BUY,0.54,0.6
1771427307979,YES,0.47,0,SELL,0.4,0.46
1771427307982,NO,0.52,100,BUY,0.54,0.6
1771427307982,YES,0.48,100,SELL,0.4,0.46
1771427308238,NO,0.54,0,BUY,0.52,0.6
1771427308238,YES,0.46,0,SELL,0.4,0.48
1771427308283,NO,0.52,2200,BUY,0.52,0.6
1771427308283,YES,0.48,2200,SELL,0.4,0.48
1771427308370,NO,0.52,100,BUY,0.52,0.6
1771427308370,YES,0.48,100,SELL,0.4,0.48
1771427308405,NO,0.53,2100,BUY,0.53,0.6
1771427308405,YES,0.47,2100,SELL,0.4,0.47
1771427308842,YES,0.51,15,SELL,0.4,0.47
1771427308842,NO,0.49,15,BUY,0.53,0.6
1771427308871,YES,0.46,195,SELL,0.4,0.46
1771427308871,NO,0.54,195,BUY,0.54,0.6
1771427309625,NO,0.53,0,BUY,0.54,0.6
1771427309625,YES,0.47,0,SELL,0.4,0.46
1771427309829,NO,0.53,2100,BUY,0.54,0.6
1771427309829,YES,0.47,2100,SELL,0.4,0.46
1771427310404,NO,0.53,0,BUY,0.54,0.6
1771427310404,YES,0.47,0,SELL,0.4,0.46
1771427310470,NO,0.54,2295,BUY,0.54,0.6
1771427310470,YES,0.46,2295,SELL,0.4,0.46
1771427310501,NO,0.53,100,BUY,0.54,0.6
1771427310501,YES,0.47,100,SELL,0.4,0.46
1771427310506,NO,0.52,0,BUY,0.54,0.6
1771427310506,YES,0.48,0,SELL,0.4,0.46
1771427310933,NO,0.53,0,BUY,0.54,0.6
1771427310933,YES,0.47,0,SELL,0.4,0.46
1771427310934,NO,0.52,100,BUY,0.54,0.6
1771427310934,YES,0.48,100,SELL,0.4,0.46
1771427311089,NO,0.53,100,BUY,0.54,0.6
1771427311089,YES,0.47,100,SELL,0.4,0.46
1771427311090,NO,0.52,0,BUY,0.54,0.6
1771427311090,YES,0.48,0,SELL,0.4,0.46
1771427313163,NO,0.54,195,BUY,0.54,0.6
1771427313163,YES,0.46,195,SELL,0.4,0.46
1771427313199,NO,0.55,2100,BUY,0.55,0.6
1771427313199,YES,0.45,2100,SELL,0.4,0.45
1771427313223,YES,0.46,0,SELL,0.4,0.45
1771427313223,NO,0.54,0,BUY,0.55,0.6
1771427313249,YES,0.44,202,SELL,0.4,0.44
1771427313249,NO,0.56,202,BUY,0.56,0.6
1771427313284,YES,0.12,5,BUY,0.4,0.44
1771427313284,NO,0.88,5,SELL,0.56,0.6
1771427314343,YES,0.44,0,SELL,0.4,0.45
1771427314343,NO,0.56,0,BUY,0.55,0.6
1771427314369,YES,0.12,207,BUY,0.4,0.45
1771427314369,NO,0.88,207,SELL,0.55,0.6
1771427314372,YES,0.44,195,SELL,0.4,0.44
1771427314372,NO,0.56,195,BUY,0.56,0.6
1771427315840,YES,0.12,5,BUY,0.4,0.45
1771427315840,NO,0.88,5,SELL,0.55,0.6
1771427315840,YES,0.44,0,SELL,0.4,0.45
1771427315840,NO,0.56,0,BUY,0.55,0.6
1771427315865,YES,0.12,207,BUY,0.4,0.45
1771427315865,NO,0.88,207,SELL,0.55,0.6
1771427315869,YES,0.44,202,SELL,0.4,0.44
1771427315869,NO,0.56,202,BUY,0.56,0.6
1771427317341,YES,0.12,5,BUY,0.4,0.45
1771427317341,NO,0.88,5,SELL,0.55,0.6
1771427317341,YES,0.44,0,SELL,0.4,0.45
1771427317341,NO,0.56,0,BUY,0.55,0.6
1771427317368,YES,0.12,207,BUY,0.4,0.45
1771427317368,NO,0.88,207,SELL,0.55,0.6
1771427317369,YES,0.44,202,SELL,0.4,0.44
1771427317369,NO,0.56,202,BUY,0.56,0.6
1771427318470,YES,0.12,5,BUY,0.4,0.45
1771427318470,NO,0.88,5,SELL,0.55,0.6
1771427318470,YES,0.44,0,SELL,0.4,0.45
1771427318470,NO,0.56,0,BUY,0.55,0.6
1771427318496,YES,0.12,207,BUY,0.4,0.45
1771427318496,NO,0.88,207,SELL,0.55,0.6
1771427318497,YES,0.44,202,SELL,0.4,0.44
1771427318497,NO,0.56,202,BUY,0.56,0.6
1771427319438,NO,0.53,0,BUY,0.56,0.6
1771427319438,YES,0.47,0,SELL,0.4,0.44
1771427319441,NO,0.54,100,BUY,0.56,0.6
1771427319441,YES,0.46,100,SELL,0.4,0.44
1771427319745,YES,0.4,6.15,BUY,0.4,0.44
1771427319745,NO,0.6,6.15,SELL,0.56,0.6
1771427319745,NO,0.55,0,BUY,0.56,0.6
1771427319745,YES,0.45,0,SELL,0.4,0.44
1771427319772,YES,0.12,5,BUY,0.4,0.46
1771427319772,NO,0.88,5,SELL,0.54,0.6
1771427319772,YES,0.44,0,SELL,0.4,0.46
1771427319772,NO,0.56,0,BUY,0.54,0.6
1771427319786,YES,0.39,2100,BUY,0.4,0.46
1771427319786,NO,0.61,2100,SELL,0.54,0.6
1771427319799,YES,0.12,105,BUY,0.4,0.46
1771427319799,NO,0.88,105,SELL,0.54,0.6
1771427319826,YES,0.49,100,SELL,0.4,0.46
1771427319826,NO,0.51,100,BUY,0.54,0.6
1771427319828,NO,0.55,2100,BUY,0.55,0.6
1771427319828,YES,0.45,2100,SELL,0.4,0.45
1771427320840,YES,0.12,5,BUY,0.4,0.45
1771427320840,NO,0.88,5,SELL,0.55,0.6
1771427321167,YES,0.36,0,BUY,0.4,0.45
1771427321167,NO,0.64,0,SELL,0.55,0.6
1771427321191,YES,0.49,0,SELL,0.4,0.45
1771427321191,NO,0.51,0,BUY,0.55,0.6
1771427321192,YES,0.12,155,BUY,0.4,0.45
1771427321192,NO,0.88,155,SELL,0.55,0.6
1771427321217,YES,0.44,150,SELL,0.4,0.44
1771427321217,NO,0.56,150,BUY,0.56,0.6
1771427322342,YES,0.12,5,BUY,0.4,0.45
1771427322342,NO,0.88,5,SELL,0.55,0.6
1771427322342,YES,0.44,0,SELL,0.4,0.45
1771427322342,NO,0.56,0,BUY,0.55,0.6
1771427322369,YES,0.12,155,BUY,0.4,0.45
1771427322369,NO,0.88,155,SELL,0.55,0.6
1771427322375,YES,0.44,150,SELL,0.4,0.44
1771427322375,NO,0.56,150,BUY,0.56,0.6
1771427322690,YES,0.34,2500,BUY,0.4,0.44
1771427322690,NO,0.66,2500,SELL,0.56,0.6
1771427323012,NO,0.54,0,BUY,0.56,0.6
1771427323012,YES,0.46,0,SELL,0.4,0.44
1771427323017,NO,0.53,100,BUY,0.56,0.6
1771427323017,YES,0.47,100,SELL,0.4,0.44
1771427323176,NO,0.53,0,BUY,0.56,0.6
1771427323176,YES,0.47,0,SELL,0.4,0.44
1771427323178,NO,0.54,100,BUY,0.56,0.6
1771427323178,YES,0.46,100,SELL,0.4,0.44
1771427323842,YES,0.12,5,BUY,0.4,0.45
1771427323842,NO,0.88,5,SELL,0.55,0.6
1771427323842,YES,0.44,0,SELL,0.4,0.45
1771427323842,NO,0.56,0,BUY,0.55,0.6
1771427326843,YES,0.44,186,SELL,0.4,0.44
1771427326843,NO,0.56,186,BUY,0.56,0.6
1771427328339,YES,0.44,0,SELL,0.4,0.45
1771427328339,NO,0.56,0,BUY,0.55,0.6
1771427328366,YES,0.44,194,SELL,0.4,0.44
1771427328366,NO,0.56,194,BUY,0.56,0.6
1771427328545,NO,0.54,0,BUY,0.56,0.6
1771427328545,YES,0.46,0,SELL,0.4,0.44
1771427328547,NO,0.53,100,BUY,0.56,0.6
1771427328547,YES,0.47,100,SELL,0.4,0.44
1771427328555,YES,0.39,0,BUY,0.4,0.44
1771427328555,NO,0.61,0,SELL,0.56,0.6
1771427328656,YES,0.4,2106.15,BUY,0.4,0.44
1771427328656,NO,0.6,2106.15,SELL,0.56,0.6
1771427329763,NO,0.54,100,BUY,0.56,0.6
1771427329763,YES,0.46,100,SELL,0.4,0.44
1771427329765,NO,0.53,0,BUY,0.56,0.6
1771427329765,YES,0.47,0,SELL,0.4,0.44
1771427329786,YES,0.44,0,SELL,0.4,0.45
1771427329786,NO,0.56,0,BUY,0.55,0.6
1771427329815,YES,0.12,207,BUY,0.4,0.45
1771427329815,NO,0.88,207,SELL,0.55,0.6
1771427331247,YES,0.4,6.15,BUY,0.4,0.45
1771427331247,NO,0.6,6.15,SELL,0.55,0.6
1771427331294,YES,0.38,2118.19,BUY,0.4,0.45
1771427331294,NO,0.62,2118.19,SELL,0.55,0.6
1771427332057,NO,0.54,0,BUY,0.55,0.6
1771427332057,YES,0.46,0,SELL,0.4,0.45
1771427332058,NO,0.55,2200,BUY,0.55,0.6
1771427332058,YES,0.45,2200,SELL,0.4,0.45
1771427332190,NO,0.55,100,BUY,0.55,0.6
1771427332190,YES,0.45,100,SELL,0.4,0.45
1771427332306,NO,0.5,0,BUY,0.55,0.6
1771427332306,YES,0.5,0,SELL,0.4,0.45
1771427332331,YES,0.12,5,BUY,0.4,0.45
1771427332331,NO,0.88,5,SELL,0.55,0.6
1771427332360,YES,0.39,103,BUY,0.4,0.45
1771427332360,NO,0.61,103,SELL,0.55,0.6
1771427332478,NO,0.56,2100,BUY,0.56,0.6
1771427332478,YES,0.44,2100,SELL,0.4,0.44
1771427332828,NO,0.07,252.85,BUY,0.56,0.6
1771427332828,YES,0.93,252.85,SELL,0.4,0.44
1771427332828,NO,0.01,3099.1,BUY,0.56,0.6
1771427332828,YES,0.99,3099.1,SELL,0.4,0.44
1771427332828,NO,0.21,17,BUY,0.56,0.6
1771427332828,YES,0.79,17,SELL,0.4,0.44
1771427332828,NO,0.11,10,BUY,0.56,0.6
1771427332828,YES,0.89,10,SELL,0.4,0.44
1771427332989,NO,0.55,0,BUY,0.56,0.6
1771427332989,YES,0.45,0,SELL,0.4,0.44
1771427332990,NO,0.54,100,BUY,0.56,0.6
1771427332990,YES,0.46,100,SELL,0.4,0.44
1771427333023,NO,0.01,2099.1,BUY,0.56,0.6
1771427333023,YES,0.99,2099.1,SELL,0.4,0.44
1771427333023,NO,0.02,250,BUY,0.56,0.6
1771427333023,YES,0.98,250,SELL,0.4,0.44
1771427333023,NO,0.07,152.85,BUY,0.56,0.6
1771427333023,YES,0.93,152.85,SELL,0.4,0.44
1771427333094,NO,0.54,0,BUY,0.56,0.6
1771427333094,YES,0.46,0,SELL,0.4,0.44
1771427333096,NO,0.55,100,BUY,0.56,0.6
1771427333096,YES,0.45,100,SELL,0.4,0.44
1771427333382,NO,0.55,0,BUY,0.56,0.6
1771427333382,YES,0.45,0,SELL,0.4,0.44
1771427333384,NO,0.54,100,BUY,0.56,0.6
1771427333384,YES,0.46,100,SELL,0.4,0.44
1771427333406,YES,0.39,0,BUY,0.4,0.44
1771427333406,NO,0.61,0,SELL,0.56,0.6
1771427333435,NO,0.01,2089.1,BUY,0.56,0.6
1771427333435,YES,0.99,2089.1,SELL,0.4,0.44
1771427333435,NO,0.07,142.85,BUY,0.56,0.6
1771427333435,YES,0.93,142.85,SELL,0.4,0.44
1771427333435,NO,0.21,7,BUY,0.56,0.6
1771427333435,YES,0.79,7,SELL,0.4,0.44
1771427333435,NO,0.11,0,BUY,0.56,0.6
1771427333435,YES,0.89,0,SELL,0.4,0.44
1771427333459,NO,0.52,2500,BUY,0.56,0.6
1771427333459,YES,0.48,2500,SELL,0.4,0.44
1771427333527,NO,0.54,0,BUY,0.56,0.6
1771427333527,YES,0.46,0,SELL,0.4,0.44
1771427333529,NO,0.55,100,BUY,0.56,0.6
1771427333529,YES,0.45,100,SELL,0.4,0.44
1771427333655,YES,0.11,10,BUY,0.4,0.44
1771427333655,NO,0.89,10,SELL,0.56,0.6
1771427333656,YES,0.01,2064.42,BUY,0.4,0.44
1771427333656,NO,0.99,2064.42,SELL,0.56,0.6
1771427333656,YES,0.07,152.85,BUY,0.4,0.44
1771427333656,NO,0.93,152.85,SELL,0.56,0.6
1771427333761,NO,0.54,100,BUY,0.56,0.6
1771427333761,YES,0.46,100,SELL,0.4,0.44
1771427333762,NO,0.55,0,BUY,0.56,0.6
1771427333762,YES,0.45,0,SELL,0.4,0.44
1771427336593,YES,0.38,18.19,BUY,0.4,0.44
1771427336593,NO,0.62,18.19,SELL,0.56,0.6
1771427336630,YES,0.39,2100,BUY,0.4,0.44
1771427336630,NO,0.61,2100,SELL,0.56,0.6
1771427337584,YES,0.39,0,BUY,0.4,0.44
1771427337584,NO,0.61,0,SELL,0.56,0.6
1771427337709,YES,0.38,2118.19,BUY,0.4,0.44
1771427337709,NO,0.62,2118.19,SELL,0.56,0.6
1771427337894,YES,0.38,18.19,BUY,0.4,0.44
1771427337894,NO,0.62,18.19,SELL,0.56,0.6
1771427337954,YES,0.39,2100,BUY,0.4,0.44
1771427337954,NO,0.61,2100,SELL,0.56,0.6
1771427338884,NO,0.54,0,BUY,0.56,0.6
1771427338884,YES,0.46,0,SELL,0.4,0.44
1771427338896,YES,0.39,0,BUY,0.4,0.44
1771427338896,NO,0.61,0,SELL,0.56,0.6
1771427338910,NO,0.55,100,BUY,0.56,0.6
1771427338910,YES,0.45,100,SELL,0.4,0.44
1771427338953,YES,0.37,2100,BUY,0.4,0.44
1771427338953,NO,0.63,2100,SELL,0.56,0.6
1771427339008,YES,0.37,0,BUY,0.4,0.44
1771427339008,NO,0.63,0,SELL,0.56,0.6
1771427339042,NO,0.02,450,BUY,0.56,0.6
1771427339042,YES,0.98,450,SELL,0.4,0.44
1771427339043,NO,0.01,3089.1,BUY,0.56,0.6
1771427339043,YES,0.99,3089.1,SELL,0.4,0.44
1771427339044,NO,0.07,242.85,BUY,0.56,0.6
1771427339044,YES,0.93,242.85,SELL,0.4,0.44
1771427339117,YES,0.38,2118.19,BUY,0.4,0.44
1771427339117,NO,0.62,2118.19,SELL,0.56,0.6
1771427339470,NO,0.07,252.85,BUY,0.56,0.6
1771427339470,YES,0.93,252.85,SELL,0.4,0.44
1771427339471,NO,0.21,17,BUY,0.56,0.6
1771427339471,YES,0.79,17,SELL,0.4,0.44
1771427339471,NO,0.01,3099.1,BUY,0.56,0.6
1771427339471,YES,0.99,3099.1,SELL,0.4,0.44
1771427339472,NO,0.11,10,BUY,0.56,0.6
1771427339472,YES,0.89,10,SELL,0.4,0.44
1771427339635,YES,0.11,0,BUY,0.4,0.44
1771427339635,NO,0.89,0,SELL,0.56,0.6
1771427339635,YES,0.01,2054.42,BUY,0.4,0.44
1771427339635,NO,0.99,2054.42,SELL,0.56,0.6
1771427339635,YES,0.07,142.85,BUY,0.4,0.44
1771427339635,NO,0.93,142.85,SELL,0.56,0.6
1771427339863,NO,0.01,3109.1,BUY,0.56,0.6
1771427339863,YES,0.99,3109.1,SELL,0.4,0.44
1771427339863,NO,0.11,20,BUY,0.56,0.6
1771427339863,YES,0.89,20,SELL,0.4,0.44
1771427339864,NO,0.21,27,BUY,0.56,0.6
1771427339864,YES,0.79,27,SELL,0.4,0.44
1771427339865,NO,0.07,262.85,BUY,0.56,0.6
1771427339865,YES,0.93,262.85,SELL,0.4,0.44
1771427341187,NO,0.55,0,BUY,0.56,0.6
1771427341187,YES,0.45,0,SELL,0.4,0.44
1771427341193,NO,0.54,100,BUY,0.56,0.6
1771427341193,YES,0.46,100,SELL,0.4,0.44
1771427341565,YES,0.38,18.19,BUY,0.4,0.44
1771427341565,NO,0.62,18.19,SELL,0.56,0.6
1771427341626,YES,0.39,2100,BUY,0.4,0.44
1771427341626,NO,0.61,2100,SELL,0.56,0.6
1771427341715,NO,0.53,100,BUY,0.56,0.6
1771427341715,YES,0.47,100,SELL,0.4,0.44
1771427341722,NO,0.54,0,BUY,0.56,0.6
1771427341722,YES,0.46,0,SELL,0.4,0.44
1771427341924,NO,0.56,0,BUY,0.53,0.6
1771427341924,YES,0.44,0,SELL,0.4,0.47
1771427341929,YES,0.39,0,BUY,0.4,0.47
1771427341929,NO,0.61,0,SELL,0.53,0.6
1771427341955,YES,0.43,186,SELL,0.4,0.43
1771427341955,NO,0.57,186,BUY,0.57,0.6
1771427341956,YES,0.12,101,BUY,0.4,0.43
1771427341956,NO,0.88,101,SELL,0.57,0.6
1771427341987,YES,0.39,2100,BUY,0.4,0.43
1771427341987,NO,0.61,2100,SELL,0.57,0.6
1771427342046,NO,0.55,2100,BUY,0.57,0.6
1771427342046,YES,0.45,2100,SELL,0.4,0.43
1771427342116,YES,0.39,0,BUY,0.4,0.43
1771427342116,NO,0.61,0,SELL,0.57,0.6
1771427342184,YES,0.4,2106.15,BUY,0.4,0.43
1771427342184,NO,0.6,2106.15,SELL,0.57,0.6
1771427343295,YES,0.34,0,BUY,0.4,0.43
1771427343295,NO,0.66,0,SELL,0.57,0.6
1771427343295,NO,0.52,0,BUY,0.57,0.6
1771427343295,YES,0.48,0,SELL,0.4,0.43
1771427343319,YES,0.12,5,BUY,0.4,0.45
1771427343319,NO,0.88,5,SELL,0.55,0.6
1771427343319,YES,0.43,0,SELL,0.4,0.45
1771427343319,NO,0.57,0,BUY,0.55,0.6
1771427344529,NO,0.54,100,BUY,0.55,0.6
1771427344529,YES,0.46,100,SELL,0.4,0.45
1771427344536,NO,0.53,0,BUY,0.55,0.6
1771427344536,YES,0.47,0,SELL,0.4,0.45
1771427344552,YES,0.4,6.15,BUY,0.4,0.45
1771427344552,NO,0.6,6.15,SELL,0.55,0.6
1771427344591,YES,0.38,2118.19,BUY,0.4,0.45
1771427344591,NO,0.62,2118.19,SELL,0.55,0.6
1771427344774,NO,0.02,250,BUY,0.55,0.6
1771427344774,YES,0.98,250,SELL,0.4,0.45
1771427344774,NO,0.01,2109.1,BUY,0.55,0.6
1771427344774,YES,0.99,2109.1,SELL,0.4,0.45
1771427344774,NO,0.07,162.85,BUY,0.55,0.6
1771427344774,YES,0.93,162.85,SELL,0.4,0.45
1771427344885,YES,0.36,2500,BUY,0.4,0.45
1771427344885,NO,0.64,2500,SELL,0.55,0.6
1771427345016,NO,0.5,2500,BUY,0.55,0.6
1771427345016,YES,0.5,2500,SELL,0.4,0.45
1771427345292,YES,0.38,18.19,BUY,0.4,0.45
1771427345292,NO,0.62,18.19,SELL,0.55,0.6
1771427345477,YES,0.38,2118.19,BUY,0.4,0.45
1771427345477,NO,0.62,2118.19,SELL,0.55,0.6
1771427345645,NO,0.07,152.85,BUY,0.55,0.6
1771427345645,YES,0.93,152.85,SELL,0.4,0.45
1771427345645,NO,0.21,17,BUY,0.55,0.6
1771427345645,YES,0.79,17,SELL,0.4,0.45
1771427345645,NO,0.01,2099.1,BUY,0.55,0.6
1771427345645,YES,0.99,2099.1,SELL,0.4,0.45
1771427345645,NO,0.11,10,BUY,0.55,0.6
1771427345645,YES,0.89,10,SELL,0.4,0.45
1771427345689,YES,0.38,18.19,BUY,0.4,0.45
1771427345689,NO,0.62,18.19,SELL,0.55,0.6
1771427345775,NO,0.5,0,BUY,0.55,0.6
1771427345775,YES,0.5,0,SELL,0.4,0.45
1771427345776,YES,0.36,0,BUY,0.4,0.45
1771427345776,NO,0.64,0,SELL,0.55,0.6
1771427345883,YES,0.39,2100,BUY,0.4,0.45
1771427345883,NO,0.61,2100,SELL,0.55,0.6
1771427347888,NO,0.51,2500,BUY,0.55,0.6
1771427347888,YES,0.49,2500,SELL,0.4,0.45
1771427347889,YES,0.34,2500,BUY,0.4,0.45
1771427347889,NO,0.66,2500,SELL,0.55,0.6
1771427351040,NO,0.07,252.85,BUY,0.55,0.6
1771427351040,YES,0.93,252.85,SELL,0.4,0.45
1771427351041,NO,0.01,3099.1,BUY,0.55,0.6
1771427351041,YES,0.99,3099.1,SELL,0.4,0.45
1771427351042,NO,0.02,450,BUY,0.55,0.6
1771427351042,YES,0.98,450,SELL,0.4,0.45
1771427352392,NO,0.11,20,BUY,0.55,0.6
1771427352392,YES,0.89,20,SELL,0.4,0.45
1771427352393,NO,0.07,262.85,BUY,0.55,0.6
1771427352393,YES,0.93,262.85,SELL,0.4,0.45
1771427352393,NO,0.01,3109.1,BUY,0.55,0.6
1771427352393,YES,0.99,3109.1,SELL,0.4,0.45
1771427352394,NO,0.21,27,BUY,0.55,0.6
1771427352394,YES,0.79,27,SELL,0.4,0.45
1771427353554,NO,0.54,0,BUY,0.55,0.6
1771427353554,YES,0.46,0,SELL,0.4,0.45
1771427353555,NO,0.55,2200,BUY,0.55,0.6
1771427353555,YES,0.45,2200,SELL,0.4,0.45
1771427353556,YES,0.39,0,BUY,0.4,0.45
1771427353556,NO,0.61,0,SELL,0.55,0.6
1771427353587,YES,0.12,152,BUY,0.4,0.45
1771427353587,NO,0.88,152,SELL,0.55,0.6
1771427353615,NO,0.55,100,BUY,0.55,0.6
1771427353615,YES,0.45,100,SELL,0.4,0.45
1771427353726,YES,0.37,2100,BUY,0.4,0.45
1771427353726,NO,0.63,2100,SELL,0.55,0.6
1771427353769,YES,0.37,0,BUY,0.4,0.45
1771427353769,NO,0.63,0,SELL,0.55,0.6
1771427353825,NO,0.55,0,BUY,0.51,0.6
1771427353825,YES,0.45,0,SELL,0.4,0.49
1771427353826,YES,0.38,2118.19,BUY,0.4,0.49
1771427353826,NO,0.62,2118.19,SELL,0.51,0.6
1771427353827,NO,0.54,100,BUY,0.54,0.6
1771427353827,YES,0.46,100,SELL,0.4,0.46
1771427353879,NO,0.52,100,BUY,0.54,0.6
1771427353879,YES,0.48,100,SELL,0.4,0.46
1771427353926,NO,0.55,2100,BUY,0.55,0.6
1771427353926,YES,0.45,2100,SELL,0.4,0.45
1771427354237,NO,0.54,0,BUY,0.55,0.6
1771427354237,YES,0.46,0,SELL,0.4,0.45
1771427354238,NO,0.52,0,BUY,0.55,0.6
1771427354238,YES,0.48,0,SELL,0.4,0.45
1771427354242,NO,0.55,2200,BUY,0.55,0.6
1771427354242,YES,0.45,2200,SELL,0.4,0.45
1771427354347,NO,0.55,100,BUY,0.55,0.6
1771427354347,YES,0.45,100,SELL,0.4,0.45
1771427354390,NO,0.56,2100,BUY,0.56,0.6
1771427354390,YES,0.44,2100,SELL,0.4,0.44
1771427354841,YES,0.12,5,BUY,0.4,0.44
1771427354841,NO,0.88,5,SELL,0.56,0.6
1771427355152,NO,0.55,0,BUY,0.56,0.6
1771427355152,YES,0.45,0,SELL,0.4,0.44
1771427355155,NO,0.54,100,BUY,0.56,0.6
1771427355155,YES,0.46,100,SELL,0.4,0.44
1771427355334,YES,0.38,18.19,BUY,0.4,0.44
1771427355334,NO,0.62,18.19,SELL,0.56,0.6
1771427355369,YES,0.39,2100,BUY,0.4,0.44
1771427355369,NO,0.61,2100,SELL,0.56,0.6
1771427356955,NO,0.54,0,BUY,0.56,0.6
1771427356955,YES,0.46,0,SELL,0.4,0.44
1771427356956,NO,0.55,100,BUY,0.56,0.6
1771427356956,YES,0.45,100,SELL,0.4,0.44
1771427356964,YES,0.39,0,BUY,0.4,0.44
1771427356964,NO,0.61,0,SELL,0.56,0.6
1771427357008,YES,0.38,2118.19,BUY,0.4,0.44
1771427357008,NO,0.62,2118.19,SELL,0.56,0.6
1771427357543,NO,0.51,0,BUY,0.56,0.6
1771427357543,YES,0.49,0,SELL,0.4,0.44
1771427357769,NO,0.01,3099.1,BUY,0.56,0.6
1771427357769,YES,0.99,3099.1,SELL,0.4,0.44
1771427357769,NO,0.11,10,BUY,0.56,0.6
1771427357769,YES,0.89,10,SELL,0.4,0.44
1771427357769,NO,0.21,17,BUY,0.56,0.6
1771427357769,YES,0.79,17,SELL,0.4,0.44
1771427357769,NO,0.07,252.85,BUY,0.56,0.6
1771427357769,YES,0.93,252.85,SELL,0.4,0.44
1771427358069,NO,0.53,2500,BUY,0.56,0.6
1771427358069,YES,0.47,2500,SELL,0.4,0.44
1771427358364,NO,0.11,0,BUY,0.56,0.6
1771427358364,YES,0.89,0,SELL,0.4,0.44
1771427358364,NO,0.07,242.85,BUY,0.56,0.6
1771427358364,YES,0.93,242.85,SELL,0.4,0.44
1771427358364,NO,0.01,3089.1,BUY,0.56,0.6
1771427358364,YES,0.99,3089.1,SELL,0.4,0.44
1771427358364,NO,0.21,7,BUY,0.56,0.6
1771427358364,YES,0.79,7,SELL,0.4,0.44
1771427358730,YES,0.38,18.19,BUY,0.4,0.44
1771427358730,NO,0.62,18.19,SELL,0.56,0.6
1771427358790,YES,0.37,2100,BUY,0.4,0.44
1771427358790,NO,0.63,2100,SELL,0.56,0.6
1771427360257,YES,0.37,0,BUY,0.4,0.44
1771427360257,NO,0.63,0,SELL,0.56,0.6
1771427360295,YES,0.38,2118.19,BUY,0.4,0.44
1771427360295,NO,0.62,2118.19,SELL,0.56,0.6
1771427363904,NO,0.55,0,BUY,0.56,0.6
1771427363904,YES,0.45,0,SELL,0.4,0.44
1771427363905,NO,0.54,100,BUY,0.56,0.6
1771427363905,YES,0.46,100,SELL,0.4,0.44
1771427363954,YES,0.38,18.19,BUY,0.4,0.44
1771427363954,NO,0.62,18.19,SELL,0.56,0.6
1771427363959,NO,0.01,3099.1,BUY,0.56,0.6
1771427363959,YES,0.99,3099.1,SELL,0.4,0.44
1771427363960,NO,0.11,10,BUY,0.56,0.6
1771427363960,YES,0.89,10,SELL,0.4,0.44
1771427363960,NO,0.21,17,BUY,0.56,0.6
1771427363960,YES,0.79,17,SELL,0.4,0.44
1771427363961,NO,0.07,252.85,BUY,0.56,0.6
1771427363961,YES,0.93,252.85,SELL,0.4,0.44
1771427364020,YES,0.38,2118.19,BUY,0.4,0.44
1771427364020,NO,0.62,2118.19,SELL,0.56,0.6
1771427364047,YES,0.38,18.19,BUY,0.4,0.44
1771427364047,NO,0.62,18.19,SELL,0.56,0.6
1771427364116,YES,0.39,2100,BUY,0.4,0.44
1771427364116,NO,0.61,2100,SELL,0.56,0.6
1771427364407,NO,0.54,0,BUY,0.56,0.6
1771427364407,YES,0.46,0,SELL,0.4,0.44
1771427364411,NO,0.53,2600,BUY,0.56,0.6
1771427364411,YES,0.47,2600,SELL,0.4,0.44
1771427364742,NO,0.53,100,BUY,0.56,0.6
1771427364742,YES,0.47,100,SELL,0.4,0.44
1771427364803,NO,0.21,27,BUY,0.56,0.6
1771427364803,YES,0.79,27,SELL,0.4,0.44
1771427364804,NO,0.01,3109.1,BUY,0.56,0.6
1771427364804,YES,0.99,3109.1,SELL,0.4,0.44
1771427364804,NO,0.07,262.85,BUY,0.56,0.6
1771427364804,YES,0.93,262.85,SELL,0.4,0.44
1771427364805,NO,0.11,20,BUY,0.56,0.6
1771427364805,YES,0.89,20,SELL,0.4,0.44
1771427364948,NO,0.54,100,BUY,0.56,0.6
1771427364948,YES,0.46,100,SELL,0.4,0.44
1771427364949,NO,0.53,0,BUY,0.56,0.6
1771427364949,YES,0.47,0,SELL,0.4,0.44
